2812 4140
446 276 614 330 0100011.
652 279 765 331 nrvus
790 280 980 332 00000000
1174 270 1213 335 77

213 443 348 506 alterum
362 447 425 508 levi
440 449 534 509 exilio
548 450 660 528 punire
675 451 752 511 satis
767 451 887 528 habuit,
900 472 969 512 oum
984 452 1038 513 ille
1052 454 1213 532 Agrippae

214 549 336 612 iuvenis
359 555 485 615 nomine
508 556 713 634 asperrimam
737 558 776 617 de
801 576 833 616 se
855 558 1024 635 epistulam
1045 558 1078 618 in
1099 559 1212 636 vulgus

214 657 373 734 edidisset,
387 660 439 720 hic
461 661 604 721 convivio
624 663 718 739 pleno
738 663 963 740 proclamasset
983 682 1085 740 neque
1103 670 1213 724 votum

188 762 273 821 asibi
297 783 398 841 neque
421 767 561 826 animum
587 767 696 828 deesse
725 767 925 827 confodiendi
950 786 1029 828 eum.
1071 769 1212 839 Quadam

212 887 286 929 vero
308 871 492 947 cognitione,
510 891 581 932 oum
602 872 738 933 Aemilio
760 872 892 933 Aeliano
913 872 1108 934 Cordubensi
1129 875 1235 935 intera

213 979 315 1035 cetera
336 976 466 1037 crimina
480 977 530 1037 vel
545 978 679 1038 maxime
701 978 875 1039 obiceretur
889 979 972 1055 quod
987 979 1068 1039 male
1089 980 1212 1057 opinari

212 1079 251 1138 de
262 1081 392 1141 Caesare
407 1083 531 1158 soleret,
543 1102 709 1144 conversus
721 1084 760 1143 ad
770 1089 984 1143 accusatorem
995 1090 1211 1168 commotoque
1260 1096 1264 1139 1

212 1184 342 1268 similis:
364 1188 504 1263 Velim,
523 1188 636 1265 inquit,
657 1189 729 1248 hoo
751 1188 849 1247 mihi
870 1189 1035 1267 probes,
1063 1189 1211 1250 faciam

212 1290 317 1351 sciat
341 1292 539 1352 Aelianus
563 1297 604 1353 et
627 1312 683 1353 me
704 1293 887 1369 linguam
914 1294 1072 1370 habere,
1093 1295 1212 1373 plura

211 1396 315 1455 enim
336 1398 382 1457 de
403 1416 445 1457 eo
466 1398 629 1475 loquar-3
650 1398 897 1475 necquicquam
920 1399 1006 1459 ultra
1025 1404 1081 1459 aut
1102 1401 1250 1463 statim1o

187 1507 266 1562 aaut
286 1508 395 1580 postea
416 1502 568 1580 inquisiit.
612 1503 738 1563 Tiberio
759 1522 882 1581 quoque
903 1504 943 1563 (10
964 1505 1073 1564 00ᾱο01
1093 1525 1136 1581 10,
1156 1504 1212 1566 sed

126 1684 132 1697 ¹
210 1606 378 1667 violentius
397 1608 482 1685 apud
497 1626 530 1667 se
544 1627 600 1685 per
615 1608 784 1686 epistulam
801 1611 1003 1685 conquerenti
1020 1609 1066 1670 ita
1083 1610 1212 1688 rescrip

210 1713 269 1773 sit:
291 1714 433 1774 Aetati
457 1719 559 1790 tuae,
585 1715 635 1773 mi
657 1714 807 1789 Tiberi,
830 1714 917 1774 noli
938 1714 979 1774 in
1001 1715 1074 1776 hac
1097 1735 1136 1777 re
1160 1717 1212 1775 in-

208 1818 374 1895 dulgere
394 1825 433 1878 et
451 1820 617 1878 nimium
635 1819 849 1895 indignari
868 1838 1104 1898 quemquam
1123 1839 1210 1881 esse

208 1923 275 2000 qui
303 1925 348 1983 de
377 1943 432 1983 me
468 1924 568 1983 male
603 1924 817 2001 loquatur3
859 1924 965 1984 satis
1000 1930 1063 1985 est
1097 1925 1249 2001 enim,1o

209 2029 243 2088 si
271 2030 343 2088 hoo
369 2028 560 2089 habemus
590 2048 636 2089 ne
665 2029 756 2106 quis
788 2029 909 2089 nobis
941 2015 1043 2091 male
1074 2030 1210 2091 facere

208 2135 353 2211 possit.

149 2242 184 2292 52
248 2240 387 2318 Templa,
413 2241 557 2318 quamvis
582 2241 676 2301 sciret
700 2241 797 2301 etiam
822 2241 1061 2318 proconsulibus
1084 2243 1211 2302 decerni

208 2345 316 2419 solere,
338 2345 371 2403 in
392 2346 480 2405 nulla
502 2351 608 2406 tamen
629 2346 792 2423 provincia
811 2346 875 2404 nisi
897 2347 1053 2405 communi
1075 2365 1131 2406 suo
1152 2348 1211 2406 Ro

209 2469 337 2527 maeque
358 2451 484 2510 nomine
506 2451 632 2528 recepit.
675 2452 757 2510 Nam
780 2451 813 2508 in
830 2451 907 2509 urbe
928 2451 1056 2528 quidem
1077 2453 1249 2528 pertinaao

208 2554 331 2614 cissime
358 2555 513 2614 abstinuit
541 2555 599 2615 1100
626 2555 761 2630 1100010;
796 2561 892 2632 atque
923 2555 1019 2614 etiam
1046 2561 1209 2631 argenteas

208 2666 328 2719 statuas
343 2659 418 2719 olim
434 2660 493 2720 sibi
508 2661 627 2738 positas
644 2659 791 2719 conflavit
811 2659 912 2718 omnis
932 2678 1032 2737 exque
1047 2659 1086 2718 iis
1100 2678 1209 2720 aureas

207 2765 343 2824 cortinas
359 2765 502 2843 Apollini
516 2765 664 2825 Palatino
678 2764 845 2824 dedicavit.
995 2832 998 2837 ,

246 2871 445 2931 Dictaturam
466 2889 579 2946 magna
592 2870 625 2928 vi
640 2869 791 2929 offerente
812 2870 940 2947 populo,
954 2889 1036 2947 genu
1053 2871 1146 2930 nixus
1160 2871 1211 2930 de

207 2974 288 3035 iecta
301 2975 342 3034 ab
354 2975 471 3034 umeris
486 2982 559 3051 toga
572 2975 657 3033 nudo
672 2980 798 3051 pectore
812 2975 998 3052 deprecatus
1014 2981 1070 3035 est.
1219 2992 1248 3037 aa

146 3087 183 3138 53
246 3080 374 3139 Domini
398 3080 643 3158 appellationem
665 3085 702 3138 ut
725 3079 928 3139 maledictum
952 3085 984 3139 et
1009 3081 1210 3159 obprobrium

205 3204 330 3263 semper
344 3185 514 3254 exhorruit.
550 3185 630 3244 Cum
644 3189 807 3262 spectante
818 3202 854 3243 eo
865 3184 956 3244 ludos
971 3184 1210 3263 pronuntiatum

206 3295 290 3350 esset
303 3290 337 3349 in
351 3290 464 3350 mimo:

353 3447 379 3507 Ο
407 3446 615 3506 dominum
642 3435 812 3523 aequum
839 3452 878 3506 et
905 3447 1065 3507 bonum!

206 3613 238 3668 ct
259 3608 398 3666 universi
420 3607 510 3683 qussi
528 3607 567 3666 de
585 3607 654 3683 ipso
676 3606 796 3665 dictum
818 3607 995 3666 exultantes
1017 3608 1263 3684 comprobas-³0·

207 3719 286 3789 sent,
314 3718 347 3774 et
375 3711 484 3771 statim
513 3729 607 3770 manu
635 3711 788 3787 vultuque
820 3710 981 3772 indecoras
1012 3712 1209 3774 adulationes
