2812 4140
481 263 591 313 ursas
615 248 787 322 1.'1)1st
810 259 932 313 murus
1167 248 1207 315 11

183 435 305 496 adaret.
348 435 415 504 Quo
436 435 550 511 gaudio
571 436 672 495 elatus
694 454 757 494 non
778 435 968 512 temperavit
994 435 1072 512 quin
1094 455 1209 514 paucos

189 591 191 595 ,
206 547 280 619 post
296 541 363 601 dies
379 541 539 617 frequenti
557 541 643 600 curia
663 541 794 600 iactaret
813 540 949 599 invitis
971 545 1010 599 et
1031 541 1210 616 gementi-

206 647 273 706 bus
296 646 511 706 adversaris
533 646 726 723 adeptum
748 664 788 705 se
809 664 911 722 quae
933 646 1208 723 concupisset,

206 752 382 830 proinde
404 770 514 810 exeo
536 751 836 811 insultaturum
865 751 1039 809 omnium
1067 751 1210 829 capiti-

206 858 295 931 bus;
308 876 345 916 ac
358 862 492 932 negante
508 857 642 933 quodam
657 875 713 934 per
728 856 949 915 contumeliam
971 856 1065 916 facile
1079 856 1137 915 hoc
1151 856 1233 915 ullis

132 1031 137 1048 ἱ
206 962 343 1022 feminae
371 962 448 1037 fore,
477 961 675 1039 responderit
703 962 794 1038 quasi
821 961 992 1021 adludens:
1020 962 1061 1020 in
1091 962 1209 1022 Suria

206 1086 365 1145 quoque
414 1085 607 1142 regnasse
653 1067 904 1127 Sameramin
946 1086 1208 1144 magnamque

207 1173 329 1232 Asiae
358 1178 514 1250 partem
539 1173 761 1232 Amazonas
787 1173 973 1232 tenuisse
1002 1173 1207 1249 quondam.

147 1296 183 1346 23
246 1271 387 1340 Functus
410 1278 583 1352 consulatu,
609 1277 689 1337 Gaio
710 1278 861 1337 Memmio
882 1277 1041 1354 Lucioque
1068 1277 1209 1336 Domitio

169 1395 177 1435 ὲ.
206 1383 403 1461 praetoribus
431 1384 479 1450 de,
500 1383 670 1460 superioris
695 1383 770 1442 anni
793 1383 874 1442 actis
899 1382 1118 1457 referentibus,
1144 1391 1248 1458 cog-10

206 1489 359 1549 uitionem
381 1489 504 1548 senatui
525 1486 661 1562 detulit3
688 1507 746 1547 nec
764 1488 819 1546 illo
837 1488 1027 1565 suscipiente
1043 1488 1214 1565 triduoque-

207 1614 262 1672 per
281 1594 393 1654 inritas
414 1594 635 1654 altercationes
657 1593 826 1669 absumpto
848 1593 882 1651 in
904 1593 1099 1670 provinciam
1120 1592 1208 1653 abiit.

206 1702 249 1759 Et
270 1700 379 1759 statim
400 1704 549 1775 quaestor
570 1698 637 1757 eius
660 1698 693 1755 in
718 1698 946 1774 praeiudicium
966 1699 1089 1775 aliquot
1111 1699 1211 1758 crimi-

206 1805 298 1864 nibus
319 1811 465 1882 arreptus
486 1809 543 1862 est.
586 1805 661 1861 Mox
680 1809 712 1862 et
727 1804 795 1880 ipse
808 1822 827 1862 a
842 1803 940 1863 Lucio
955 1802 1097 1864 Antistio
1112 1810 1150 1864 tr.
1166 1805 1209 1882 pl.

207 1910 385 1987 postulatus
412 1909 573 1986 appellato
597 1908 723 1968 demum
749 1909 880 1985 collegio
904 1910 1044 1987 optinuit
1068 1929 1139 1970 cum
1165 1909 1211 1968 rei
1220 1919 1249 1965 1⁶

183 2014 349 2092 apublicae
375 2033 468 2074 causa
491 2013 616 2073 abesset
636 2033 707 2073 reus
729 2033 768 2073 ne
787 2013 885 2074 fieret.
939 2014 990 2073 Ad
1010 2014 1211 2075 securitatem

186 2121 280 2195 „ergo
308 2119 427 2196 posteri
461 2118 613 2196 temporis
651 2119 684 2177 in
720 2138 832 2195 magno
862 2121 989 2195 negotio
1020 2120 1131 2180 habuit
1162 2120 1215 2178 ob-

207 2225 304 2301 ligare
330 2243 452 2301 semper
476 2243 596 2284 annuos
620 2225 824 2299 magistratus
847 2230 879 2284 et
901 2244 918 2284 e
937 2224 1126 2302 petitoribus
1148 2245 1211 2284 non

207 2330 285 2390 alios
312 2330 462 2390 adiuvare
490 2335 546 2390 aut
573 2329 614 2389 ad
644 2330 794 2389 honorem
826 2331 894 2408 pati
924 2331 1088 2408 pervenire
1116 2349 1212 2407 quam

207 2436 262 2512 qui
291 2435 352 2494 sibi
385 2435 578 2512 recepissent
613 2441 865 2512 propugnaturos
895 2428 1072 2495 absentiam
1104 2446 1253 2509 suam320·

208 2541 294 2600 euius
323 2542 409 2619 pacti
435 2560 498 2599 non
526 2540 686 2599 dubitavit
708 2560 728 2600 a
752 2540 940 2616 quibusdam
968 2541 1016 2599 ius
1044 2540 1212 2599 iurandum
1291 2585 1293 2589 1

207 2652 302 2723 atque
316 2647 413 2706 etiam
427 2646 639 2724 syngrapham
655 2646 787 2721 exigere.

148 2781 184 2831 24
249 2752 310 2812 Sed
321 2771 392 2812 cum
406 2752 522 2811 Lucius
536 2752 696 2811 Domitius
712 2752 891 2812 consulatus
907 2753 1091 2812 candidatus
1106 2752 1212 2830 palam

208 2858 380 2918 minaretur
391 2857 551 2917 consulem
566 2876 599 2917 se
610 2857 796 2917 effecturum
810 2859 894 2934 quod
909 2863 1036 2935 praetor
1048 2858 1212 2935 nequisset

207 2965 489 3043 adempturumque
513 2964 542 3023 ei
559 2964 725 3039 exercitus,
741 2963 889 3023 Crassum
909 2965 1157 3041 Pompeiumque
1178 2964 1252 3025 inas.

209 3070 316 3129 urbem
348 3070 527 3147 provinciae
558 3089 631 3129 suae
664 3071 782 3128 Lucam
813 3075 970 3129 extractos
1003 3070 1145 3147 conpulit
1175 3075 1212 3129 ut

208 3175 397 3235 detrudendi
417 3175 552 3234 Domitii
574 3194 667 3250 causa
684 3175 883 3235 consulatum
900 3176 1035 3236 alterum
1057 3180 1211 3255 peterent,

209 3281 405 3358 perfecitque
427 3282 617 3358 †utrumque
641 3281 734 3341 utin
759 3281 1009 3358 quinquennium
1033 3281 1094 3340 sibi
1117 3261 1213 3358 impe-

139 3449 141 3453 ,
185 3387 290 3448 arium
315 3392 545 3463 prorogaretur.
588 3386 656 3456 Qua
676 3386 791 3446 fiducia
812 3387 853 3446 ad
874 3366 1012 3462 legiones
1037 3405 1114 3463 quas
1137 3407 1157 3447 a
1179 3405 1212 3446 re

209 3492 335 3568 publica
358 3498 523 3568 acceperat
546 3492 624 3552 alias
653 3492 778 3569 privato
803 3497 933 3568 sumptu
960 3492 1092 3566 addidit,
1117 3502 1251 3552 unameo

209 3597 305 3655 etiam
339 3616 378 3655 ex
406 3597 624 3674 Transalpinis
656 3597 875 3674 conscriptam,
904 3596 1054 3655 vocabulo
1089 3615 1212 3673 quoque

210 3702 341 3776 Gallico,
354 3737 397 3746 -
410 3703 534 3762 Alauda
551 3702 635 3762 enim
649 3702 868 3780 appellabatur
882 3737 922 3748 -
936 3720 1030 3778 quam
1045 3702 1214 3780 disciplina
