2812 4140
185 245 226 306 90
267 256 297 307 o.
323 254 479 306 sunrom
500 255 727 317 ranuoumnr
750 257 800 305 nr
824 256 915 305 va
938 256 1141 307 cassanum

225 427 457 489 Convivabatur
471 429 596 489 assidue
611 448 668 488 nec
681 449 832 507 umquam
845 429 908 489 nisi
927 436 1021 506 recta,
1037 449 1100 489 non
1117 431 1184 489 sine
1207 443 1244 493 74

185 553 297 610 magno
311 534 455 592 ordinum
471 534 694 611 hominumque
711 535 838 595 dilectu.
880 536 1026 596 Valerius
1048 535 1186 594 Messala

184 638 283 697 tradit
304 639 461 698 neminem
481 658 631 716 umquam
652 639 870 699 libertinorum
891 641 1068 700 adhibitum
1088 640 1128 700 ab
1149 660 1185 700 eo

185 761 278 802 cenae
302 749 434 820 excepto
458 746 563 819 Mena,
588 745 643 803 sed
664 750 785 804 asserto
808 746 841 803 in
863 746 1090 822 ingenuitatem
1113 752 1185 823 post

80 902 84 912 .
161 848 343 926 oproditam
361 849 449 908 Sexti
469 850 601 926 Pompei
623 850 762 910 classem.
807 852 880 927 Ipse
902 851 1012 910 scribit
1033 851 1185 911 invitasse

186 973 219 1014 se
238 954 396 1031 quondam
417 954 450 1012 in
471 955 558 1013 cuius
576 954 653 1014 villa
670 962 819 1030 maneret,
834 956 889 1032 qui
911 956 1089 1032 speculator
1109 975 1184 1015 suus

185 1059 261 1119 olim
275 1059 398 1120 fuisset.
442 1059 594 1120 Convivia
610 1080 844 1137 nonnumquam
864 1066 896 1120 et
915 1061 1014 1120 serius
1034 1061 1134 1121 inibat
1153 1066 1185 1120 et

185 1165 339 1225 maturius
356 1165 563 1242 relinquebat,
578 1184 648 1225 cum
666 1165 814 1224 convivae
831 1171 862 1225 et
882 1185 991 1226 cenare
1010 1165 1185 1243 inciperent

135 1339 137 1344 k
185 1270 383 1349 priusquam
403 1270 457 1330 ille
472 1270 683 1329 discumberet
700 1275 732 1329 et
748 1278 968 1347 permanerent
982 1272 1122 1348 digresso
1139 1290 1183 1331 eo.

147 1375 301 1437 1oCenam
329 1374 427 1434 ternis
456 1375 584 1436 ferculis
619 1381 675 1436 aut
707 1395 777 1434 cum
805 1376 1073 1437 abundantissime
1102 1377 1184 1437 senis

184 1481 363 1560 praebebat,
386 1488 507 1541 utnon
529 1481 628 1540 nimio
650 1488 789 1560 sumptu,
812 1483 857 1542 ita
882 1502 1004 1543 summa
1029 1484 1184 1543 comitate.

184 1588 268 1647 Nam
282 1593 314 1651 et
328 1587 368 1646 ad
384 1587 632 1647 communionem
647 1588 798 1647 sermonis
818 1589 951 1648 tacentis
973 1588 1023 1647 vel
1045 1589 1188 1648 summis-

185 1692 245 1752 sim
260 1692 433 1752 fabulantis
448 1690 647 1770 provocabat,
663 1698 695 1752 et
708 1699 764 1752 aut
778 1699 956 1753 acroamata
969 1698 1002 1752 et
1016 1692 1185 1751 histriones

184 1797 356 1857 autetiam
378 1797 520 1856 triviales
541 1817 580 1856 ex
602 1797 683 1856 circo
704 1797 807 1856 ludios
829 1798 1049 1874 interponebat
1070 1816 1107 1856 ac
1128 1797 1188 1856 fre-

148 1903 331 1979 15quentius
347 1903 530 1978 aretalogos
553 1919 557 1926 ·

224 2009 335 2067 Festos
358 2014 391 2067 et
416 2007 582 2066 sollemnes
607 2007 674 2067 dies
700 2008 928 2086 profusissime,
951 2028 1186 2085 nonnumquam
1209 2017 1244 2068 75

186 2117 308 2171 tantum
321 2112 500 2171 ioculariter
512 2113 696 2172 celebrabat.
733 2113 961 2188 Saturnalibus,
973 2119 1005 2172 et
1020 2113 1047 2171 si
1062 2113 1186 2189 quando

185 2217 263 2277 alias
278 2217 432 2292 libuisset,
448 2217 541 2276 modo
556 2236 685 2277 munera
699 2217 870 2292 dividebat,
885 2223 1006 2278 vestem
1025 2223 1057 2277 et
1076 2236 1186 2276 aurum

186 2327 218 2381 et
238 2328 411 2397 argentum,
427 2322 519 2381 modo
540 2341 683 2380 nummos
706 2323 806 2381 omnis
828 2327 930 2397 notae,
948 2322 1044 2382 etiam
1064 2327 1186 2381 veteres

148 2427 287 2502 20regios
312 2447 348 2486 ac
372 2428 563 2506 peregrinos
587 2427 746 2486 interdum
770 2427 850 2486 nihil
876 2434 1001 2505 praeter
1026 2427 1128 2488 cilicia
1156 2432 1188 2486 et

187 2532 332 2609 spongias
348 2538 380 2592 et
395 2531 540 2591 rutabula
555 2537 587 2591 et
601 2531 738 2609 forpices
752 2537 848 2610 atque
864 2533 927 2592 alia
946 2533 978 2591 id
997 2552 1095 2609 genus
1115 2532 1189 2591 titu-

186 2637 225 2695 lis
245 2637 384 2703 obscuris
404 2643 436 2697 et
454 2637 618 2712 ambiguis.
662 2637 788 2698 Solebat
810 2645 842 2697 et
863 2638 1188 2715 inaequalissimarum

186 2761 290 2801 rerum
310 2749 409 2802 sortes
431 2747 463 2800 et
484 2761 609 2801 aversas
629 2742 807 2802 tabularum
828 2743 967 2820 picturas
989 2743 1022 2801 in
1044 2741 1188 2801 convivio

185 2847 349 2907 venditare
363 2847 544 2923 incertoque
559 2866 633 2906 casu
648 2867 736 2925 spem
751 2849 957 2907 mercantium
971 2849 1022 2907 vel
1040 2847 1189 2906 frustrari

148 2971 178 3016 25
186 2952 236 3011 vel
258 2953 393 3030 explere,
410 2952 456 3011 ita
476 2958 513 3011 ut
533 2972 590 3030 per
612 2952 750 3028 singulos
772 2954 869 3013 lectos
891 2953 1024 3028 licitatio
1045 2953 1135 3011 fieret
1156 2957 1188 3010 et

187 3075 242 3115 seu
263 3052 383 3118 iactura
404 3077 459 3117 seu
479 3057 601 3116 lucrum
623 3058 912 3118 communicaretur.

227 3161 426 3222 Cibi-nam
446 3182 486 3223 ne
507 3163 583 3222 haec
606 3164 734 3239 quidem
757 3163 1096 3222 omiserim-minimi
1121 3169 1188 3223 erat
1211 3178 1247 3228 76

186 3270 281 3345 atque
302 3267 440 3344 vulgaris
462 3268 537 3329 fere.
582 3269 807 3329 Secundarium
830 3287 944 3346 panem
964 3274 996 3328 et
1021 3269 1188 3346 pisciculos

187 3373 324 3434 minutos
340 3379 372 3433 et
386 3393 510 3433 caseum
529 3374 671 3433 bibulum
691 3394 786 3435 manu
805 3393 947 3452 pressum
969 3380 1002 3434 et
1021 3375 1096 3433 ficos
1118 3374 1190 3433 viri·

149 3480 241 3542 sodes
266 3479 383 3539 biferas
409 3479 544 3538 maxime
568 3481 758 3557 appetebat,
790 3479 1035 3555 vescebaturque
1060 3485 1092 3538 et
1116 3484 1189 3538 ante

187 3602 295 3644 cenam
319 3603 515 3661 quocumque
540 3590 680 3661 tempore
705 3591 737 3644 et
762 3585 829 3644 loco
851 3604 912 3661 quo
936 3584 1114 3643 stomachus
1140 3584 1190 3641 de·

187 3689 364 3750 siderasset.
407 3688 511 3750 Verba
540 3688 640 3764 ipsius
670 3708 708 3748 ex
737 3689 883 3766 epistulis
913 3694 1005 3749 sunt:
1041 3690 1121 3748 Nos
1150 3689 1189 3746 in
