2812 4140
482 274 592 324 mnus
616 275 638 324 1.
674 273 787 324 mvus
810 273 932 324 mnus
1166 260 1209 324 43

208 446 349 524 aperitur
371 446 583 522 recitaturque
596 446 630 503 in
644 446 764 506 Antoni
785 446 887 520 domo,
902 445 986 522 quod
1007 444 1118 504 Idibus
1138 444 1211 521 Sep

209 551 382 613 tembribus
401 551 553 629 proximis
573 551 605 609 in
623 551 781 610 Lavicano
799 569 855 609 suo
872 551 992 610 fecerat
1006 550 1211 609 demandare

208 664 318 734 ratque
337 657 452 732 virgini
470 657 593 716 Vestali
611 656 773 716 maximae.
816 657 952 726 Quintus
970 655 1094 715 Tubero
1111 655 1210 714 tradit

208 763 354 822 heredem
371 762 463 821 abeo
481 761 576 820 scribi
598 761 726 820 solitum
748 780 786 821 ex
808 762 972 821 consulatu
993 761 1092 839 ipsius
1107 761 1209 838 primo

207 869 360 945 usquead
376 867 504 927 initium
526 866 628 926 civilis
649 866 725 925 belli
741 867 795 927 Cn.
812 867 1007 944 Pompeium,
1022 867 1117 943 idque
1131 865 1232 924 mili-6

183 974 292 1033 atibus
308 993 365 1051 pro
380 973 524 1032 contione
539 972 713 1032 recitatum.
758 973 818 1031 Sed
836 972 1006 1031 novissimo
1021 975 1209 1032 testamento

208 1085 272 1140 tres
287 1079 428 1138 instituit
442 1079 572 1137 heredes
595 1096 736 1136 sororum
756 1083 896 1155 nepotes,
911 1077 1027 1137 Gaium
1044 1075 1209 1136 Octavium

207 1203 246 1244 ex
260 1184 413 1243 dodrante
427 1188 459 1243 et
478 1183 611 1242 Lucium
627 1182 791 1242 Pinarium
805 1187 837 1241 et
851 1182 1002 1252 Quintum
1023 1181 1156 1241 Pedium
1170 1200 1209 1241 ex

208 1290 381 1366 quadrante
398 1288 538 1364 reliqu03
560 1288 593 1345 in
615 1287 678 1346 ima
699 1307 769 1348 cera
791 1287 905 1347 Gaium
927 1287 1093 1347 Octavium
1114 1286 1210 1346 etiam

207 1394 241 1453 in
255 1394 414 1453 familiam
424 1411 599 1469 nomenque
613 1392 793 1470 adoptavit;
811 1393 977 1470 plerosque
991 1397 1210 1470 percussorum
1219 1399 1249 1446 10

207 1500 240 1557 in
264 1498 419 1558 tutoribus
441 1498 497 1572 fili,
513 1497 540 1556 si
561 1497 616 1574 qui
637 1495 698 1556 sibi
718 1504 908 1571 nasceretur,
922 1497 1108 1572 nominavit,
1122 1496 1211 1556 Deci-

208 1624 293 1663 mum
308 1605 442 1662 Brutum
457 1603 553 1662 etiam
571 1603 605 1660 in
621 1602 765 1661 secundis
781 1602 957 1662 heredibu's.
1000 1602 1121 1679 Populo
1142 1601 1211 1660 hor-

207 1716 256 1769 tos
278 1709 360 1768 circa
381 1707 521 1771 Tiberim
542 1707 667 1784 publice
689 1712 721 1766 et
741 1707 862 1766 viritim
883 1712 1025 1766 trecenos
1047 1707 1209 1767 sestertios

206 1814 331 1891 legavit.

148 1931 184 1980 84
247 1921 369 1978 Funere
391 1918 510 1993 indicto
532 1937 624 1993 rogus
653 1923 814 1978 extructus
837 1923 885 1978 est
906 1918 939 1975 in
960 1919 1078 1977 Martio
1100 1930 1247 1995 campore

206 2025 295 2084 iuxta
323 2023 423 2082 Iuliae
451 2023 608 2082 tumulum
636 2028 668 2082 et
695 2042 753 2100 pro
781 2022 890 2081 rostris
918 2028 1029 2082 aurata
1049 2023 1141 2082 aedes
1168 2023 1209 2082 ad

207 2130 408 2188 simulacrum
430 2128 542 2205 templi
563 2129 695 2188 Veneris
721 2127 897 2187 Genetricis
927 2128 1094 2203 collocata;
1115 2127 1210 2188 intra

207 2253 267 2311 que
282 2235 381 2293 lectus
399 2233 553 2292 eburneus
570 2252 646 2292 auro
664 2251 700 2292 ac
714 2251 854 2310 purpura
871 2238 990 2291 stratus
1008 2233 1097 2293 etad
1114 2238 1209 2311 caput

207 2345 370 2417 tropaeum
388 2357 457 2396 cum
477 2343 565 2396 veste
583 2338 616 2396 in
632 2357 694 2414 qua
708 2338 813 2397 fuerat
829 2337 957 2397 occisus.
1000 2338 1209 2398 Praeferenti·

206 2444 264 2503 bus
279 2462 417 2517 munera,
429 2443 504 2518 quia
518 2443 706 2502 suffecturus
721 2442 788 2501 dies
804 2462 866 2500 non
877 2443 1053 2518 videbatur,
1066 2452 1247 2521 praecepio

207 2554 275 2607 tum
296 2553 333 2607 ut
357 2547 473 2625 omisso
497 2547 605 2606 ordine
628 2548 741 2624 quibus
768 2547 901 2623 quisque
923 2546 1020 2607 vellet
1042 2547 1207 2607 itineribus

182 2654 292 2713 2urbis
312 2658 453 2731 portaret
478 2652 511 2709 in
536 2653 697 2730 Campum.
740 2654 830 2712 Inter
859 2653 950 2712 ludos
980 2658 1105 2712 cantata
1133 2658 1207 2713 sunt

206 2759 360 2836 quaedam
386 2759 426 2817 ad
455 2757 688 2817 miserationem
716 2763 749 2816 et
773 2757 926 2818 invidiam
948 2757 1051 2818 caedis
1072 2757 1139 2816 eius
1161 2776 1208 2817 ac

206 2863 410 2936 commodata,
422 2881 460 2921 ex
474 2861 592 2920 Pacuvi
608 2863 810 2921 Armorum
824 2862 998 2922 Iudicio:

239 2969 323 3026 Men
356 2985 540 3042 servasse,
569 2974 612 3027 ut
643 2975 770 3028 essent
801 2970 865 3045 qui
892 2976 946 3027 me
975 2968 1244 3044 perderent?2e

205 3076 247 3133 Et
262 3092 300 3132 ex
310 3071 471 3130 Electra
482 3069 565 3127 Acili
575 3069 616 3127 ad
628 3067 763 3127 similem
775 3067 971 3127 sententiam.
1002 3067 1206 3127 Laudationis

205 3179 272 3238 loco
284 3176 391 3236 consul
407 3174 563 3234 Antonius
577 3193 634 3250 per
649 3192 832 3250 praeconem
847 3172 1064 3249 pronuntiavit
1079 3179 1206 3233 senatus

207 3283 384 3343 consultum
413 3299 475 3357 quo
503 3279 607 3338 omnia
635 3279 728 3337 simul
757 3277 786 3337 ei
813 3277 922 3339 divina
948 3284 1043 3356 atque
1071 3278 1208 3339 bumana

206 3391 395 3461 decreverat,
411 3386 487 3445 item
509 3385 557 3444 ius
579 3383 746 3442 iurandum
768 3403 830 3460 quo
852 3403 885 3443 se
907 3384 1011 3443 cuncti
1029 3403 1086 3462 pro
1106 3384 1207 3445 salute

205 3495 298 3554 unius
312 3492 542 3564 astrinxerant3
563 3489 677 3566 quibus
692 3508 849 3566 perpauca
869 3508 889 3549 a
909 3508 942 3548 se
957 3489 1052 3548 verba
1072 3489 1205 3549 addidit.
1216 3499 1246 3544 30

182 3601 338 3659 3Lectum
361 3617 418 3674 pro
444 3595 554 3655 rostris
576 3596 609 3653 in
631 3595 736 3652 forum
759 3595 961 3670 magistratus
983 3600 1016 3653 et
1036 3593 1205 3652 honoribus

205 3704 309 3764 functi
330 3702 520 3762 detulerunt.
565 3700 663 3770 Quem
685 3719 756 3758 oum
777 3718 849 3777 pars
871 3699 904 3757 in
925 3697 1098 3776 Capitolini
1120 3698 1206 3757 Iovis
