2812 4140
442 278 554 329 ninus
578 278 614 329 11.
650 277 978 358 nivostsuousrus
1170 268 1212 332 99

209 450 362 528 postridie
389 450 547 510 nundinas
575 469 732 527 quoquam
757 449 1006 528 proficisceretur
1029 456 1085 511 aut
1108 451 1224 511 Nonis'

209 556 377 632 quicquam
391 555 437 614 rei
451 556 550 615 seriae
565 555 743 631 incoharet3
767 555 847 614 nihil
861 554 895 613 in
908 555 967 615 hoc
982 555 1110 632 quidem
1123 556 1210 616 aliud

208 660 362 735 devitans,
373 666 410 719 ut
420 660 460 721 ad
475 660 636 720 Tiberium
650 660 769 736 scribit,
781 679 876 737 quam
890 661 1051 740 δυσφημίαν
1063 661 1208 721 nominis.

151 768 186 820 93
248 767 488 843 Peregrinarum
507 766 765 826 caerimoniarum
784 766 866 826 sicut
880 772 1001 826 veteres
1015 785 1052 826 90
1065 785 1210 844 praecep

208 876 257 930 tas
279 872 530 932 reverentissime
553 871 658 946 coluit,
673 871 719 931 ita
733 877 852 931 ceteras
874 871 1068 950 contemptui
1088 871 1232 932 habuito

207 977 352 1054 Namque
367 977 501 1037 Athenis
524 976 677 1050 initiatus,
694 996 765 1036 cum
778 983 889 1055 postca
903 978 1021 1037 Romae
1042 996 1100 1055 pro
1113 977 1210 1036 tribu-

206 1081 272 1141 nali
286 1082 325 1142 de
339 1082 507 1160 privilegio
520 1082 717 1143 sacerdotum
732 1081 857 1142 Atticae
872 1082 994 1142 Cereris
1010 1088 1209 1157 cognosceret

207 1192 240 1246 et
253 1188 406 1264 quaedam
427 1187 594 1248 secretiora
614 1191 871 1265 proponerentur,
887 1187 1017 1246 dimisso
1032 1187 1163 1246 consilio
1176 1193 1209 1246 et

207 1311 320 1353 corona
348 1293 618 1352 circumstantium
645 1293 729 1352 solus
757 1291 859 1352 audiit
885 1291 1107 1369 disceptantes.
1164 1291 1209 1352 At

207 1403 316 1458 contra
329 1417 392 1457 non
406 1398 497 1456 modo
512 1397 545 1455 in
558 1397 753 1475 peragranda
767 1396 914 1475 Aegypto
932 1396 1027 1475 paulo
1043 1396 1208 1456 deflectere
1218 1411 1246 1456 10

206 1502 246 1563 ad
270 1503 436 1563 visendum
460 1502 546 1580 Apin
571 1502 757 1579 supersedit,
780 1503 834 1561 sed
855 1507 888 1561 et
913 1501 1028 1561 Gaium
1051 1508 1208 1580 nepotem,

206 1609 290 1686 quod
304 1609 454 1668 Iudaeam
471 1605 712 1684 praetervehens
727 1607 811 1684 apud
826 1606 1048 1685 Hierosolyma
1061 1624 1125 1666 non
1139 1626 1209 1684 sup

206 1714 364 1791 plicasset,
380 1712 586 1773 conlaudavit.

148 1824 184 1874 94
245 1821 288 1879 Et
302 1819 448 1896 quoniam
462 1818 503 1878 ad
524 1817 601 1877 haec
618 1823 747 1877 ventum
768 1822 827 1893 est,
841 1837 904 1877 non
918 1818 958 1878 ab
973 1837 1006 1877 re
1020 1817 1119 1877 fuerit
1140 1817 1209 1877 sub

206 1928 312 1984 texere
326 1943 405 2001 quae
424 1923 452 1983 ei
471 1922 560 2000 prius
582 1941 676 1999 quam
696 1928 877 1982 nasceretur
894 1929 926 1982 09
946 1923 1016 2001 ipso
1036 1923 1136 1983 natali
1156 1922 1207 1982 die
1217 1937 1245 1983 10

205 2048 242 2089 90
262 2030 408 2106 deinceps
430 2028 593 2088 evenerint
615 2027 728 2104 quibus
750 2028 859 2087 futura
882 2028 1065 2103 magnitudo
1086 2027 1153 2088 eius
1175 2033 1208 2086 et

206 2140 357 2212 perpetua
371 2133 507 2193 felicitas
523 2133 642 2211 sperari
656 2133 926 2209 animadvertique
941 2138 1056 2211 posset.

182 2251 198 2295 a
246 2238 377 2299 Velitris
390 2239 566 2316 antiquitus
582 2243 666 2298 99099
677 2239 716 2297 de
728 2238 813 2298 caelo
824 2243 913 2316 parte
925 2238 1007 2296 muri
1022 2256 1208 2315 responsum

206 2350 255 2404 009
269 2343 334 2403 eius
356 2344 465 2421 oppidi
487 2344 587 2403 civem
601 2343 788 2420 quandoque
809 2362 913 2402 rerum
932 2341 1125 2420 potiturum3
1146 2361 1208 2418 qua

205 2449 320 2509 fiducia
333 2448 488 2509 Veliterni
509 2454 541 2508 et
562 2454 638 2508 tunc
659 2449 768 2508 statim
783 2453 815 2507 et
832 2453 941 2525 postea
962 2447 1087 2525 saepius
1108 2458 1245 2524 paenam

205 2554 246 2614 ad
260 2554 392 2614 exitium
407 2553 457 2612 sui
474 2573 544 2612 cum
565 2553 682 2631 populo
697 2554 735 2613 R.
751 2552 1030 2629 belligeraverant3
1052 2571 1121 2612 sero
1142 2557 1208 2611 tan·

206 2659 277 2718 dem
291 2658 486 2718 documentis
507 2658 655 2737 apparuit
676 2663 835 2717 ostentum
856 2657 935 2717 illud
950 2657 1088 2733 Augusti
1101 2662 1207 2735 poten-

206 2764 284 2825 tiam
297 2764 503 2842 portendisse.

183 2883 198 2929 3
246 2871 365 2930 Auctor
386 2875 435 2929 est
456 2871 557 2929 Iulius
579 2870 744 2930 Marathus
764 2875 837 2929 ante
859 2887 973 2947 paucos
994 2887 1088 2946 quam
1104 2887 1208 2928 nasce·

206 2980 292 3034 retur
313 2994 434 3035 menses
456 2975 635 3053 prodigium
656 2977 774 3035 Romae
791 2974 911 3034 factum
931 2972 1066 3050 publice,
1082 2993 1143 3050 quo
1157 2974 1244 3034 deso

205 3080 410 3140 nuntiabatur
430 3100 535 3157 regem
555 3081 673 3158 populo
697 3081 839 3138 Romano
862 3084 1008 3139 naturam
1032 3079 1206 3156 parturire;
1261 3100 1265 3110 ·

207 3191 349 3245 senatum
370 3187 556 3246 exterritum
577 3185 734 3245 censuisse
755 3183 881 3261 nequis
903 3184 959 3242 illo
979 3203 1061 3243 anno
1082 3184 1205 3259 genitus

206 3291 407 3367 educaretur;
430 3311 481 3351 eos
503 3292 558 3368 qui
579 3290 724 3367 gravidas
745 3308 858 3349 uxores
879 3289 1039 3364 haberent,
1061 3290 1145 3366 quod
1165 3290 1206 3349 ad

207 3415 240 3455 se
254 3397 386 3474 quisque
409 3417 497 3475 spem
518 3397 665 3471 traheret,
681 3414 805 3456 curasse
823 3413 863 3454 ne
880 3399 1007 3454 senatus
1029 3394 1206 3454 consultum

206 3501 246 3560 ad
260 3502 414 3561 aerarium
428 3503 612 3562 deferretur.
1215 3515 1244 3561 30

183 3619 198 3663 4
247 3607 287 3665 In
301 3607 499 3686 Asclepiadis
518 3607 675 3666 Mendetis
691 3597 1018 3681 Theologumenon
1033 3604 1122 3664 libris
1137 3605 1206 3682 lego
1287 3648 1293 3662 .

207 3712 324 3787 Atiam,
344 3731 414 3772 cum
434 3713 475 3773 ad
497 3712 646 3772 sollemne
666 3710 826 3789 Apollinis
848 3729 970 3770 sacrum
992 3709 1095 3770 media
1115 3716 1208 3770 nocte
