2812 4140
191 248 233 312 98
274 260 303 312 C.
330 259 485 311 SUETONI
507 260 734 322 TRANQUILLI
757 261 807 311 ΒΕ
832 261 920 311 VITA
944 260 1146 312 CAESARUM

190 432 284 510 paulo
298 431 453 492 infirmius
467 431 703 510 expavescebat,
714 438 751 492 ut
761 451 885 510 semper
898 439 931 492 et
945 432 1061 510 ubique
1075 432 1191 511 pellem

190 537 284 603 rituli
305 537 418 597 marini
439 537 656 597 circumferret
674 556 731 615 pro
746 538 883 597 remedio
903 544 997 615 atque
1012 537 1052 598 ad
1066 556 1191 597 omnem

190 643 316 702 maioris
338 643 536 721 tempestatis
558 642 767 720 suspicionem
781 643 814 701 in
827 642 970 703 abditum
984 649 1017 702 et
1034 662 1191 703 concama

190 755 293 808 ratum
313 748 416 808 locum
433 767 466 808 se
480 749 642 827 reciperet,
658 753 874 808 consternatus
896 748 971 808 olim
992 766 1048 826 per
1068 753 1191 808 noctur-

165 867 265 914 tnum
278 853 340 913 iter
353 859 534 914 transcursu
549 854 694 930 fulguris,
709 859 745 913 ut
759 853 980 932 praediximus.

230 959 358 1020 Somnia
388 979 489 1037 neque
517 979 574 1020 sua
597 978 704 1036 neque
735 959 838 1020 aliena
866 960 905 1019 de
934 978 967 1018 se
994 959 1187 1036 neglegebat.
1211 968 1246 1019 91

188 1064 389 1143 Philippensi
413 1065 478 1125 acie
503 1065 646 1142 quamvis
675 1065 839 1125 statuisset
866 1084 928 1123 nou
956 1065 1062 1140 egredi
1090 1065 1189 1125 taber·

187 1169 299 1229 maculo
326 1176 455 1248 propter
479 1169 695 1245 valitudinem,
717 1189 859 1246 egressus
887 1175 936 1228 est
962 1174 1068 1228 tamen
1094 1170 1188 1230 amici

188 1274 309 1334 somnio
330 1275 486 1349 monitus3
514 1275 669 1352 cessitque
691 1257 740 1334 res
765 1294 913 1353 prospere
936 1274 1062 1351 quando
1086 1275 1187 1352 captis

151 1394 180 1439 10
189 1379 299 1440 castris
324 1380 435 1440 lectica
458 1380 535 1454 eius,
560 1379 651 1457 quasi
675 1380 719 1439 ibi
744 1380 859 1439 cubans
884 1380 1095 1455 remansisset,
1121 1399 1189 1439 con·

188 1503 281 1544 cursu
307 1484 446 1544 hostium
474 1484 618 1544 confossa
645 1489 740 1561 atque
767 1484 903 1544 lacerata
930 1489 987 1544 est.
1029 1486 1104 1562 Ipse
1131 1502 1188 1563 per

188 1608 278 1648 omne
292 1609 347 1650 ver
367 1590 504 1668 plurima
525 1595 557 1649 et
578 1589 873 1649 formidulosissima
894 1595 926 1648 et
946 1609 1028 1650 vana
1047 1596 1079 1650 et
1097 1589 1188 1649 irrita

187 1693 324 1771 videbat,
346 1695 467 1773 reliquo
491 1701 632 1772 tempore
660 1694 777 1754 rariora
798 1700 830 1754 et
851 1694 955 1754 minus
976 1714 1065 1755 vana.
1108 1695 1211 1755 Cum2

186 1799 362 1860 dedicatam
377 1800 410 1859 in
427 1799 584 1878 Capitolio
604 1800 713 1859 aedem
734 1800 869 1860 Tonanti
891 1801 962 1859 Iovi
982 1801 1107 1860 assidue
1128 1800 1188 1860 fre·

150 1911 361 1982 loquentaret,
383 1905 552 1966 somniavit
572 1905 662 1982 queri
683 1905 897 1983 Capitolinum
922 1907 1030 1965 Iovem
1052 1906 1186 1966 cultores

186 2010 247 2070 sibi
267 2010 380 2070 abduci
401 2029 496 2089 seque
517 2009 715 2088 respondisse
737 2011 911 2070 Tonantem
932 2030 990 2089 pro
1011 2010 1143 2071 ianitore
1157 2011 1186 2071 ei

185 2115 383 2194 appositum
412 2116 543 2193 ideoque
568 2135 640 2174 mox
668 2114 889 2175 tintinnabulis
914 2116 1078 2192 fastigium
1099 2116 1186 2176 aedis

186 2220 326 2281 redimiit
340 2221 424 2298 quod
437 2240 474 2281 ea
488 2221 555 2280 fere
573 2220 674 2280 ianuis
694 2220 922 2298 dependebant.
964 2223 1013 2280 Ex
1034 2226 1186 2281 nocturno

185 2327 257 2386 visu
284 2327 379 2387 etiam
407 2326 523 2404 stipem
550 2325 717 2403 quotannis
742 2326 793 2385 die
818 2331 901 2386 certo
929 2326 1145 2387 emendicabat
1167 2346 1187 2387 a

148 2431 302 2510 topopulo
324 2451 431 2492 cavam
452 2451 580 2490 manum
600 2450 685 2490 asses
706 2425 938 2507 porrigentibus
960 2431 1121 2509 praebens.

226 2537 376 2614 Auspicia
387 2541 419 2596 et
430 2536 534 2597 omina
545 2535 698 2617 quaedam
711 2556 769 2613 pro
784 2536 967 2596 certissimis
982 2537 1185 2597 observabat:
1209 2542 1245 2593 92

186 2642 214 2702 si
235 2661 324 2701 mane
344 2641 405 2702 sibi
421 2642 542 2702 calceus
564 2659 729 2720 perperam
742 2660 778 2700 ac
795 2641 923 2701 sinister
940 2662 997 2720 pro
1015 2642 1126 2702 dextro
1142 2643 1187 2702 in-

185 2748 360 2823 duceretur,
373 2753 410 2806 ut
426 2747 548 2822 dirum3
570 2746 598 2806 si
611 2752 695 2806 terra
715 2746 834 2832 marive
855 2747 1051 2823 ingrediente
1071 2768 1103 2808 se
1122 2748 1187 2808 lon·

185 2853 334 2930 ginquam
358 2851 586 2931 profectionem
610 2852 693 2911 forte
717 2857 862 2927 rorasset,
886 2858 923 2912 ut
944 2853 1064 2912 laetum
1088 2859 1186 2913 matu-

147 2959 275 3036 acrique
301 2963 333 3018 et
363 2957 506 3036 prosperi
535 2957 664 3017 reditus.
707 2957 768 3016 Sed
796 2963 828 3016 et
855 2958 986 3017 ostentis
1019 2958 1185 3036 praecipue

186 3063 376 3123 movebatur.
419 3065 554 3123 Enatam
581 3063 664 3122 inter
688 3062 848 3122 iuncturas
872 3061 1014 3138 lapidum
1037 3068 1111 3122 ante
1135 3064 1186 3123 do

186 3187 272 3228 mum
297 3187 385 3228 suam
413 3169 550 3246 palmam
575 3168 608 3226 in
633 3168 834 3245 conplurium
861 3168 990 3227 deorum
1017 3168 1186 3228 Penatium

185 3273 350 3334 transtrdit
368 3278 465 3350 utque
480 3273 667 3332 coalesceret
681 3291 793 3348 magno
807 3291 900 3350 opere
918 3271 1047 3331 curavit,
1089 3274 1209 3351 Apuda

186 3379 321 3439 insulam
340 3379 476 3456 Capreas
496 3378 682 3438 veterrimae
705 3378 786 3437 ilicis
809 3378 960 3438 demissos
983 3377 1103 3437 iamed
1127 3384 1187 3438 ter·

147 3496 253 3544 eoram
273 3483 514 3560 languentisque
534 3501 636 3542 ramos
657 3482 851 3542 convaluisse
871 3482 1010 3542 adventu
1031 3501 1087 3541 suo
1108 3484 1185 3542 adeo

186 3590 320 3650 laetatus
343 3593 448 3649 estut
470 3606 522 3647 eas
545 3606 616 3647 cum
636 3606 669 3646 re
692 3606 722 3664 p.
736 3586 1018 3664 Neapolitanorum
1032 3593 1187 3663 permuta-

185 3694 267 3755 verit
288 3693 425 3755 Aenaria
438 3693 520 3753 data.
564 3691 758 3753 Observabat
774 3698 807 3751 et
821 3691 888 3751 dies
903 3691 1064 3768 quosdam,
1079 3710 1118 3750 ne
1132 3696 1187 3750 aut
