2812 4140
481 265 591 315 urere
616 267 637 317 1.
674 264 787 316 n1vus
810 263 933 316 ruerus
1168 253 1209 320 21

205 438 330 516 fuitque
358 439 385 497 is
410 457 511 498 annus
537 456 599 514 quo
626 438 703 497 haec
728 437 1001 497 constituebantur
1029 439 1209 516 quindecim

205 544 359 603 mensium
382 562 452 602 cum
474 543 682 618 intercalario,
698 543 753 619 qui
774 561 812 601 ex
835 543 1062 604 consuetudine
1083 544 1116 602 in
1137 562 1209 604 eum

203 668 321 709 annum
336 648 499 708 inciderat.

144 768 179 816 41
245 755 395 814 Senatum
438 753 609 831 supplerit,
652 753 801 831 patricios
844 753 973 831 adlegit,
1018 760 1208 833 praetorum,

202 859 363 934 aedilium,
378 863 589 936 quaestorum,
605 859 761 918 minorum
781 859 878 919 etiam
892 859 1134 935 magistratuum
1154 864 1234 922 nus

203 984 325 1024 merum
343 963 528 1041 ampliavit;
549 964 683 1024 nudatos
703 982 797 1041 opere
819 964 959 1024 censorio
978 970 1034 1024 aut
1051 965 1208 1025 sententia

180 1070 343 1129 uindicum
357 1070 396 1128 de
410 1068 531 1128 ambitu
550 1070 772 1129 condemnatos
787 1069 936 1129 restituit.
980 1069 1116 1129 Comitia
1137 1088 1208 1128 cum
1294 1144 1298 1153 .

205 1175 321 1253 populo
335 1174 472 1252 partitus
488 1181 545 1250 est,
560 1181 596 1234 ut
610 1175 750 1252 exceptis
765 1174 945 1234 consulatus
960 1157 1207 1252 conpetitoribus

204 1281 243 1339 de
265 1286 367 1339 cetero
388 1298 519 1339 numero
537 1279 774 1339 candidatorum
794 1298 851 1356 pro
871 1284 961 1356 parte
978 1279 1112 1339 dimidia
1129 1298 1206 1356 quos
1280 1329 1283 1332 ⁴

204 1385 339 1463 populus
350 1385 449 1445 vellet
462 1385 751 1462 pronuntiarentur,
766 1403 823 1461 pro
838 1390 928 1461 parte
938 1383 1039 1444 altera
1050 1402 1127 1462 quos
1139 1385 1207 1463 ipse
1218 1401 1246 1447 10

204 1491 352 1550 dedisset.
395 1492 438 1550 Et
458 1489 572 1549 edebat
593 1508 649 1566 per
669 1488 793 1548 libellos
816 1489 933 1548 circum
955 1488 1074 1548 tribum
1095 1489 1207 1549 missos

205 1595 362 1673 scriptura
381 1594 487 1653 brevi:
510 1595 648 1654 Caesar
669 1594 839 1654 dictator
859 1594 922 1653 illi
943 1594 1075 1654 tribui.
1112 1595 1209 1655 Com-

205 1701 335 1759 mendo
368 1699 482 1759 vobis
516 1698 635 1771 illum
663 1705 702 1759 et
729 1699 858 1775 illum,
886 1706 930 1760 ut
962 1705 1104 1759 vestro
1132 1700 1209 1760 suf·

205 1806 340 1880 fregio
365 1823 474 1865 suam
498 1804 952 1893 dignitatemsteneant.
1005 1805 1146 1865 Admisit
1167 1805 1208 1865 ad

204 1910 337 1969 honores
352 1915 385 1969 et
398 1909 646 1987 proscriptorum
661 1909 784 1968 liberos.
828 1909 951 1969 Iudicia
963 1911 1004 1970 ed
1018 1912 1081 1971 duo
1094 1929 1209 1987 genera
1218 1928 1247 1974 15

205 2016 343 2074 iudicum
366 2015 495 2090 redegit,
511 2014 666 2090 equestris
685 2014 806 2072 ordinis
820 2032 857 2073 ac
874 2015 1042 2090 senatorii3
1064 2016 1207 2076 tribunos

204 2121 349 2195 aerarios,
365 2121 448 2197 quod
463 2126 530 2180 erat
544 2120 683 2193 tertium,
699 2119 837 2179 sustulit.

181 2244 196 2288 3
245 2227 420 2285 Recensum
438 2224 548 2302 populi
562 2242 619 2283 nec
634 2243 719 2284 more
736 2243 793 2284 nec
807 2225 875 2284 loco
890 2226 993 2302 solito,
1009 2227 1064 2286 sed
1078 2227 1208 2287 vicatim

206 2351 261 2409 per
275 2331 417 2390 dominos
432 2330 607 2390 insularum
622 2329 688 2406 egit
701 2336 797 2407 atque
811 2349 850 2390 ex
865 2331 980 2407 viginti
996 2333 1208 2410 trecentisque

205 2436 332 2495 milibus
360 2435 583 2513 accipientium
611 2435 806 2494 frumentum
831 2455 848 2495 e
872 2436 999 2514 publico
1019 2438 1060 2497 cd
1082 2443 1248 2499 centumao

205 2541 434 2618 quinquaginta
448 2541 599 2615 retraxit,
620 2560 657 2600 ac
671 2559 710 2600 ne
725 2541 780 2617 qui
794 2541 869 2600 novi
890 2547 996 2602 coetus
1018 2543 1208 2603 recensionis

205 2665 298 2706 causa
317 2646 435 2706 moveri
454 2647 642 2723 quandoque
663 2651 802 2723 possent,
822 2646 964 2707 instituit
985 2649 1153 2724 quotannis
1174 2649 1208 2707 in

205 2752 439 2811 demortuorum
460 2751 563 2811 locum
584 2770 623 2810 ex
644 2751 684 2810 iis
709 2751 766 2827 qui
789 2752 910 2811 recensi
930 2771 993 2811 non
1014 2759 1119 2814 essent
1131 2753 1209 2813 >sub

205 2856 330 2916 sortitio
343 2875 362 2916 a
376 2862 519 2934 praetore
532 2856 631 2916 fieret.
672 2932 685 2943 ..
699 2922 702 2927 ,
839 2851 842 2858 ’

145 2980 181 3030 42
246 2962 414 3038 Octoginta
434 2968 539 3021 autem
561 2941 677 3021 civium
700 2962 828 3022 milibus
853 2964 887 3022 in
911 2964 1137 3025 transmarinas
1163 2982 1247 3028 coar

205 3067 305 3127 lenias
326 3065 515 3141 distributis
530 3071 566 3126 ut
585 3067 756 3128 exhaustae
777 3087 900 3145 quoque
920 3069 1007 3128 urbis
1029 3069 1209 3147 frequentia

206 3178 397 3250 suppeteret,
413 3172 518 3231 sanxit
536 3192 576 3232 ne
597 3172 668 3249 quis
690 3173 768 3233 civis
790 3173 889 3233 maior
908 3174 999 3233 annis
1019 3174 1134 3250 viginti
1155 3176 1210 3235 mi·

205 3296 301 3338 norve
331 3278 471 3352 †decem,
493 3277 548 3354 qui
573 3284 768 3339 sacramento
789 3298 852 3338 non
875 3285 1044 3355 teneretur,
1066 3280 1138 3358 plue
1156 3281 1209 3341 tri-

206 3385 298 3444 ennio
327 3385 474 3445 continuo
503 3385 599 3445 Italia
613 3386 750 3472 abesset
771 3405 833 3446 neu
862 3386 916 3464 qui
938 3387 1092 3447 senatoris
1112 3387 1207 3463 filius,

206 3490 268 3548 nisi
286 3489 518 3550 contubernalis
537 3498 593 3552 aut
610 3510 712 3550 comes
734 3492 947 3568 magistratus
970 3511 1100 3571 peregre
1118 3493 1247 3571 profi-30

207 3594 391 3669 cisceretur3
412 3615 491 3655 neve
512 3596 536 3654 ii
557 3597 611 3672 qui
629 3597 807 3674 pecuariam
829 3597 971 3657 facerent
990 3597 1093 3656 minus
1113 3598 1208 3659 tertia

206 3705 296 3778 parte
324 3699 477 3776 puberum
509 3699 715 3776 ingenuorum
750 3702 833 3762 inter
868 3707 1010 3780 pastores
1046 3702 1206 3763 haberent.
