2812 4140
371 219 382 242 ⁰
440 276 550 326 arara
575 279 611 326 11.
648 275 759 326 nrvus
783 275 974 325 nucusrus
1168 263 1209 328 75

205 449 346 509 curiones
369 448 500 508 colonici
521 448 554 505 in
576 467 632 507 sua
652 447 785 524 quisque
808 446 928 506 colonia
952 447 1072 506 ferrent
1094 451 1126 506 et
1149 447 1207 506 sub

205 556 255 614 die
272 554 469 614 comitiorum
485 553 649 628 obsignata
666 554 799 611 Romam
819 552 989 610 mitterent.
1032 551 1079 611 Ac
1092 552 1204 610 necubi

204 666 259 719 aut
275 660 476 718 honestorum
494 658 642 716 deficeret
659 657 749 734 copia
765 662 821 716 aut
839 656 1052 715 multitudinis
1071 657 1203 734 suboles,

204 770 381 842 equestrem
408 763 556 822 militiam
583 762 720 840 petentis
748 763 843 821 etiam
871 781 909 820 ex
936 763 1204 823 commendatione

204 870 330 947 publica
354 869 503 945 cuiusque
531 868 641 945 oppidi
668 867 842 941 ordinabat,
864 873 899 926 at
920 866 969 942 iis,
994 868 1050 944 qui
1073 886 1090 927 e
1113 868 1228 946 plebeo

204 976 345 1050 regiones
361 974 420 1032 sibi
435 973 586 1032 revisenti
604 973 686 1030 filios
705 973 827 1032 filiasve
845 972 1065 1049 approbarent,
1081 972 1205 1049 singula

203 1100 401 1138 nummorum
416 1079 503 1138 milia
517 1097 574 1155 pro
589 1078 721 1153 singulis
735 1077 905 1138 dividebat.

114 1178 116 1188 '
144 1191 179 1241 47
243 1185 425 1244 Provincias
454 1183 621 1243 validiores
649 1188 681 1241 et
711 1202 787 1260 quas
819 1183 931 1243 annuis
964 1185 1205 1260 magistratuum

205 1291 344 1369 imperiis
370 1290 435 1365 regi
459 1309 516 1348 nec
541 1289 634 1348 facile
659 1308 715 1348 uec
739 1294 845 1347 tutum
865 1294 941 1364 erat,
964 1290 1032 1367 ipse
1057 1291 1204 1368 suscepit,

205 1402 322 1456 ceteras
351 1394 588 1473 proconsulibus
617 1394 728 1453 sortito
755 1393 918 1470 permisit;
947 1400 979 1453 et
1003 1400 1109 1454 tamen
1132 1406 1245 1455 non-10

204 1502 307 1561 nullas
335 1500 540 1560 commutavit
567 1500 726 1558 interdum
754 1505 848 1576 atque
863 1518 902 1558 ex
935 1505 1069 1577 utroque
1093 1519 1205 1577 genere

205 1608 369 1685 plerasque
398 1605 522 1682 saepius
546 1604 634 1663 adiit.
679 1604 816 1664 Urbium
842 1605 1004 1681 quasdam,
1029 1605 1205 1666 foederatas

206 1713 260 1771 sed
287 1712 328 1771 ad
356 1710 487 1769 exitium
515 1710 642 1768 licentia
666 1710 864 1787 praecipites,
887 1710 1033 1792 libertate
1057 1711 1205 1790 privavit,

205 1818 282 1877 alias
299 1822 355 1876 aut
374 1834 445 1876 aere
465 1815 567 1874 alieno
589 1814 759 1874 laborantis
781 1814 900 1874 levavit
920 1820 976 1875 aut
996 1821 1098 1876 terrae
1120 1822 1207 1877 motu

206 1923 370 1982 subversas
395 1922 496 1980 denuo
522 1920 662 1979 condidit
685 1926 740 1979 aut
765 1920 878 1980 merita
899 1939 972 1996 erga
994 1922 1147 2000 populum
1167 1923 1247 1982 Ian

205 2029 386 2103 adlegantes
408 2026 581 2086 Latinitate
602 2025 652 2084 vel
675 2024 802 2085 civitate
824 2025 962 2085 donavit.
1004 2028 1072 2087 Neo
1093 2033 1150 2103 est,
1172 2033 1208 2087 ut

123 2135 129 2146 '
206 2133 325 2210 opinor,
340 2131 510 2209 provincia,
525 2135 656 2208 excepta
676 2130 752 2189 dum
773 2135 862 2190 taxat
880 2130 990 2192 Africa
1007 2137 1039 2192 et
1054 2133 1207 2209 Sardinia,

207 2257 299 2315 quam
314 2257 377 2296 non
390 2236 512 2296 adierit.
555 2237 595 2294 In
613 2235 670 2295 has
692 2235 801 2311 fugato
818 2236 887 2295 Ser.
906 2237 1057 2314 Pompeio
1076 2238 1207 2298 traicere

207 2362 245 2403 ex
267 2343 374 2403 Sicilia
392 2347 598 2419 apparantem
617 2340 782 2400 continuae
797 2345 829 2400 et
842 2341 1028 2402 immodicae
1042 2349 1209 2420 tempesta

207 2455 255 2508 tes
269 2448 473 2506 inhibuerunt
486 2466 543 2506 nec
555 2465 627 2505 mox
642 2445 762 2505 occasio
775 2451 831 2530 aut
846 2465 939 2507 causa
954 2447 1121 2507 traiciendi
1135 2448 1206 2507 fuit.
1217 2458 1249 2506 ao

148 2578 185 2626 48
247 2555 428 2628 Regnorum
442 2551 555 2629 quibus
573 2551 649 2610 belli
665 2551 732 2610 iure
749 2551 870 2628 potitus
885 2558 943 2628 est,
958 2558 1082 2630 praeter
1099 2572 1208 2631 pauca,

207 2665 262 2718 aut
292 2658 393 2716 isdem
428 2657 541 2734 quibus
575 2657 736 2716 ademerat
762 2656 901 2716 reddidit
934 2664 990 2717 aut
1023 2658 1207 2734 alienigenis

209 2763 387 2824 contribuit.
441 2763 542 2837 Reges
570 2761 669 2820 socios
694 2761 791 2821 etiam
816 2763 900 2821 inter
929 2767 1028 2822 semet
1050 2763 1134 2841 ipsos
1158 2782 1210 2822 ne-

209 2867 452 2928 cessitudinibus
480 2867 596 2926 mutuis
625 2867 738 2940 iunxit,
763 2868 1018 2945 promptissimus
1046 2868 1208 2928 affinitatis

210 2974 358 3050 cuiusque
375 2979 470 3049 atque
486 2972 643 3032 amicitiae
660 2972 841 3032 conciliator
855 2978 887 3033 et
901 2973 1024 3048 fautor3
1046 2992 1104 3032 nec
1116 2974 1209 3033 aliter
1219 2985 1251 3032 25·

208 3079 371 3139 universos
389 3097 483 3155 quam
502 3080 641 3138 membra
654 3079 817 3157 partisque
837 3079 962 3157 imperii
983 3097 1073 3139 curae
1090 3078 1209 3155 habuit,

210 3191 362 3245 rectorem
396 3204 519 3261 quoqne
555 3185 666 3244 solitus
700 3204 857 3262 apponere
885 3190 988 3244 aetate
1020 3185 1126 3261 parvis
1155 3190 1211 3245 aut

210 3296 314 3350 11111111
341 3289 439 3366 lapsis
467 3290 565 3348 donec
591 3289 804 3349 adolescerent
827 3296 882 3350 aut
909 3290 1148 3367 resipiscerent;
1175 3308 1211 3351 ac

211 3395 418 3473 plurimorum
444 3394 559 3453 liberos
587 3399 619 3454 et
640 3395 785 3454 educavit
808 3395 901 3454 simul
927 3414 997 3454 curn
1023 3396 1087 3455 suis
1112 3402 1144 3455 et
1168 3396 1213 3454 in-

212 3501 324 3560 stituit.
1223 3512 1253 3560 31·

152 3631 188 3680 49
250 3608 299 3665 Ex
319 3606 509 3667 militaribus
532 3605 629 3683 copiis
651 3605 788 3681 legiones
805 3611 837 3665 et
851 3606 970 3666 auxilia
991 3607 1214 3684 provinciatim

211 3710 384 3785 distribuit,
400 3711 531 3770 classem
551 3710 669 3769 Miseni
682 3716 715 3770 et
735 3711 867 3770 alteram
889 3712 1057 3771 Ravennae
1075 3712 1117 3771 ad
1136 3717 1216 3772 11111
