2812 4140
219 248 260 312 38
301 259 331 310 c.
358 259 514 312 suuroru
537 260 765 323 rannoumnr
788 261 837 310 nn
861 261 952 312 vrra
976 261 1177 314 consanum
1293 220 1295 224 .

216 431 360 508 nomiue;
377 452 414 492 ac
423 432 527 491 nullos
539 452 602 491 non
613 433 745 492 honores
757 433 797 493 ad
808 432 972 493 libidinem
984 434 1069 512 cepit
1079 440 1112 494 et
1122 434 1219 494 dedit.

216 537 360 596 Tertium
374 542 406 596 et
423 543 571 614 quartum
591 537 789 597 consulatum
808 538 902 598 titulo
921 545 1012 598 tenus
1030 540 1137 615 gessit,
1153 555 1244 598 con-2

216 646 323 701 tentus
348 641 524 703 dictaturae
552 648 711 721 potestate
734 643 878 703 decretae
907 663 978 703 cum
1006 644 1219 704 consulatibus

217 746 320 821 simul,
339 752 435 824 atque
454 753 587 825 utroque
603 768 686 809 anno
703 747 792 808 binos
813 749 955 809 consules
974 749 1140 809 substituit
1159 749 1219 809 sibi

192 851 250 910 tin
263 857 369 912 ternos
384 853 571 913 novissimos
587 873 719 929 menses,
734 854 781 914 ita
794 860 832 914 ut
850 855 953 914 medio
973 862 1114 932 tempore
1129 856 1220 914 comi-

215 957 261 1017 tia
274 958 363 1018 nulla
376 958 523 1019 habuerit
541 966 666 1037 praeter
684 959 881 1032 tribunorum
896 967 929 1020 et
948 960 1097 1020 aedilium
1116 960 1218 1038 plebis

214 1064 453 1141 praefectosque
475 1084 533 1142 pro
561 1065 759 1142 praetoribus
788 1065 988 1125 constituerit
1012 1066 1067 1142 qui
1087 1072 1218 1144 apsente

215 1182 316 1228 seres
337 1169 473 1229 urbanas
492 1169 759 1230 administrarent.
802 1170 910 1229 Pridie
929 1176 1035 1230 autem
1055 1171 1216 1230 Kalendas

214 1273 377 1333 Ianuarias
398 1274 564 1352 repentina
585 1275 721 1335 consulis
747 1280 847 1335 morte
869 1281 1044 1335 cessantem
1068 1274 1217 1334 honorem

176 1378 247 1441 loin
274 1397 389 1457 paucas
410 1379 503 1438 horas
525 1380 647 1457 petenti
674 1380 771 1440 dedit.
814 1381 933 1439 Eadem
958 1380 1086 1439 licentia
1111 1385 1240 1457 spretos

214 1483 317 1561 patrio
338 1502 423 1550 more
445 1483 649 1559 magistratus
674 1485 708 1542 in
729 1485 830 1562 pluris
852 1504 949 1544 annos
975 1485 1143 1559 ordinavit,
1167 1486 1217 1544 de·
1271 1505 1273 1511 ’

215 1607 280 1647 cem
299 1588 453 1665 praetoris
468 1589 544 1647 viris
563 1589 738 1649 consularia
752 1595 936 1649 ornamenta
950 1589 1073 1664 tribuit,
1088 1589 1216 1649 civitate

213 1693 344 1752 donatos
366 1699 398 1752 ct
427 1694 579 1770 quosdam
611 1713 628 1754 e
658 1693 878 1754 semibarbaris
908 1695 1072 1755 Gallorum
1097 1695 1216 1772 recepit

178 1809 183 1822 ’
213 1797 247 1854 in
268 1797 394 1859 curiam.
437 1799 604 1859 Praeterea
626 1805 769 1861 monetae
791 1799 988 1878 publicisque
1009 1800 1215 1876 vectigalibus

175 1921 204 1966 15
213 1903 386 1979 peculiares
419 1922 524 1964 servos
556 1905 747 1983 praeposuit.
805 1904 915 1964 Trium
949 1905 1107 1980 legionum
1137 1924 1215 1981 quas

213 2007 429 2068 Alexandreae
460 2008 658 2086 relinquebat
690 2029 796 2070 curam
827 2016 860 2069 et
889 2009 1057 2087 imperium
1088 2009 1215 2068 Rufioni

212 2111 319 2172 liberti
341 2113 390 2173 sui
410 2113 476 2173 filio
498 2114 620 2173 exoleto
646 2133 701 2173 suo
722 2115 933 2175 demandavit.

252 2218 320 2277 Nec
348 2218 477 2277 minoris
506 2201 700 2296 inpotentiae
724 2237 815 2279 voces
844 2220 1008 2297 propalam
1036 2219 1156 2294 edebat,
1178 2226 1215 2279 ut
1237 2227 1272 2278 77

212 2323 304 2383 Titus
327 2323 461 2402 Ampius
484 2323 610 2384 scribit:
639 2324 746 2382 nihil
775 2343 865 2384 esse
893 2343 972 2384 rem
997 2324 1213 2402 publicam,

173 2429 534 2506 coappellationem
561 2430 672 2489 modo
697 2430 785 2489 sine
811 2448 978 2507 corpore
1002 2448 1046 2489 ac
1070 2428 1212 2506 specie.

213 2534 368 2593 Sullam
389 2535 572 2594 nescisse
594 2535 778 2610 litteras,
796 2535 866 2611 qui
888 2535 1136 2594 dictaturam
1157 2534 1215 2592 de-

212 2640 402 2718 posuerit.
445 2640 595 2700 Debere
620 2640 798 2698 homines
821 2639 1117 2699 consideratius
1139 2640 1214 2698 iam

211 2742 321 2821 loqui
340 2764 467 2805 secum
487 2763 529 2805 ac
550 2765 619 2822 pro
639 2745 795 2821 legibus
814 2745 957 2804 habere
977 2763 1075 2820 quae
1095 2744 1212 2803 dicat.

211 2851 319 2927 quue
333 2852 530 2927 arrogantiae
549 2870 732 2929 progressus
748 2856 797 2910 cst
816 2856 861 2925 ut,
876 2849 1041 2926 haruspice
1062 2849 1168 2908 tristia
1182 2855 1214 2909 et

172 2971 203 3017 25
212 2955 279 3014 sine
299 2957 390 3015 corde
404 2962 478 3031 exta
491 2957 648 3033 quondam
663 2955 839 3030 nuntiante,
854 2955 992 3014 futura
1006 2954 1125 3013 diceret
1143 2954 1215 3013 lae-

212 3061 326 3135 tiora,
353 3080 434 3120 cum
458 3062 601 3137 vellet3
630 3080 698 3121 nec
721 3080 789 3138 pro
814 3065 972 3119 ostento
996 3059 1214 3118 ducendum

212 3166 245 3225 si
266 3167 408 3243 pecudi
430 3185 493 3225 cor
514 3167 723 3227 defuisset.

251 3272 370 3331 Verum
390 3272 591 3350 praecipuam
612 3278 645 3333 et
665 3271 859 3332 exitiabilem
881 3271 941 3331 sibi
965 3271 1119 3331 invidiam
1139 3270 1214 3329 hinc
1235 3280 1271 3331 78

212 3376 348 3436 maxime
369 3376 476 3436 movit.
518 3377 676 3436 Adeuntis
698 3396 730 3437 se
753 3396 824 3436 cum
844 3376 990 3455 plurimis
1011 3376 1214 3436 honorificen-

57 3558 60 3567 .
173 3481 407 3559 notissimisque
425 3483 558 3542 decretis
578 3483 740 3544 universos
759 3488 866 3560 patres
888 3481 1081 3559 conscriptos
1101 3483 1212 3542 sedens

212 3605 269 3663 pro
292 3589 369 3647 aede
393 3588 525 3649 Veneris
551 3587 728 3648 Genetricis
753 3587 886 3665 excepit.
939 3586 1073 3657 Quidam
1098 3592 1213 3665 putant

212 3696 370 3752 retentum
396 3711 416 3753 a
443 3692 588 3753 Cornelio
616 3693 716 3753 Balbo
744 3711 815 3753 cum
843 3697 1007 3753 conaretur
1031 3710 1239 3769 assurgerep
