2812 4140
442 231 612 328 1111111111
650 265 763 317 nrvus
786 264 978 316 aueusrus
1172 253 1213 319 85

210 440 248 497 de
266 443 426 517 comperta
445 439 596 498 Murenae
618 437 832 497 coniuratione
851 436 944 496 uxori
963 436 1129 496 Terentiae
1146 455 1214 514 pro

209 544 352 604 didisset.

186 655 201 698 4
250 649 366 725 Exegit
397 655 430 710 et
463 649 532 728 ipse
563 650 597 708 in
626 650 726 709 vicem
757 649 797 709 ab
827 649 937 709 amicis
968 647 1226 708 benivolentiam·

211 759 362 830 mutuam,
378 760 443 814 tam
463 774 483 814 a
503 755 663 814 defunctis
685 774 779 832 quam
795 773 815 814 a
830 753 922 813 vivis.
963 754 1047 813 Nam
1068 754 1212 830 quamvis

211 860 340 920 minime
355 865 520 937 appeteret
537 860 739 934 hereditates,
753 865 791 919 ut
804 859 860 936 qui
873 878 1045 936 numquam
1059 878 1097 918 ex
1112 859 1236 935 ignotis

211 970 401 1025 testamento
416 983 526 1042 capere
538 964 706 1042 quicquam
720 964 916 1039 sustinuerit,
925 963 1096 1024 amicorum
1107 969 1212 1024 tamen

211 1089 357 1148 suprema
384 1069 502 1129 iudicia
529 1069 741 1129 morosissime
769 1069 952 1148 pensitavit,
977 1088 1078 1146 neque
1105 1069 1211 1128 dolore

210 1174 409 1235 dissimulato
442 1174 468 1233 si
502 1174 627 1251 parcius
661 1179 717 1234 aut
746 1173 825 1234 citra
857 1174 1007 1234 honorem
1037 1174 1212 1248 verborum,

210 1299 311 1356 neque
330 1279 489 1355 gaudiosi
508 1285 597 1355 grate
612 1279 725 1356 pieque
745 1279 815 1356 quis
831 1298 864 1339 se
883 1284 1066 1357 prosecutus
1088 1279 1231 1355 fuisset.¹

210 1386 329 1460 Legata
350 1385 400 1444 vel
422 1389 528 1462 partes
550 1384 776 1444 hereditatium
796 1404 816 1444 a
837 1385 1084 1461 quibuscumque
1105 1402 1253 1463 paren-10

210 1490 295 1549 tibus
323 1490 435 1550 relicta
462 1490 524 1549 sibi
551 1496 607 1550 aut
635 1491 744 1550 statim
772 1490 880 1550 liberis
909 1509 1016 1550 eorum
1045 1490 1212 1550 concedere

209 1601 273 1670 aut,
290 1594 317 1654 si
338 1594 490 1672 pupillari
510 1601 615 1655 aetate
636 1602 750 1670 essent,
765 1595 817 1655 die
831 1594 933 1654 virilis
955 1601 1046 1672 togae
1066 1595 1117 1655 vel
1136 1614 1214 1672 nup

210 1700 326 1760 tiarum
341 1719 411 1758 cum
427 1700 620 1760 incremento
635 1701 801 1761 restituere
816 1699 1027 1761 consueverat.

151 1809 185 1859 67
249 1806 405 1865 Patronus
421 1806 629 1883 dominusque
647 1826 710 1864 non
727 1807 830 1866 minus
850 1825 976 1866 severus
994 1826 1088 1883 quam
1108 1807 1212 1867 facilis

210 1916 242 1970 et
262 1911 397 1970 clemens
415 1911 531 1971 multos
551 1911 737 1971 libertorum
757 1912 790 1970 in
809 1912 927 1970 honore
946 1918 978 1971 et
996 1931 1056 1972 usu
1075 1913 1212 1972 maximo
1222 1933 1250 1977 15

210 2015 329 2090 habuit,
346 2021 381 2074 ut
402 2016 547 2075 Licinum
570 2022 602 2076 et
623 2017 774 2076 Celadum
795 2016 945 2093 aliosque.
988 2017 1135 2076 Cosmum
1153 2036 1214 2077 ser-

210 2140 284 2179 vum
305 2121 491 2196 gravissime
512 2121 551 2181 de
573 2141 606 2181 se
628 2122 810 2199 opinantem
830 2141 894 2181 non
912 2122 998 2182 ultra
1018 2141 1113 2199 quam
1134 2141 1213 2182 com-

210 2225 342 2304 pedibus
358 2226 502 2286 coercuit.
545 2227 720 2286 Diomeden
734 2227 993 2304 dispensatorem,
1008 2246 1103 2304 aquo
1118 2227 1211 2287 simul

209 2330 390 2391 ambulante
405 2331 578 2391 incurrenti
592 2338 720 2409 repente
735 2333 803 2391 fero
819 2351 896 2409 apro
911 2351 968 2409 per
982 2338 1101 2391 metum
1115 2332 1213 2392 obiec-

210 2441 261 2496 tus
281 2441 339 2510 est,
359 2436 472 2496 maluit
491 2437 674 2496 timiditatis
696 2456 826 2512 arguere
847 2456 942 2514 quam
963 2456 1063 2497 noxae
1083 2457 1250 2514 remqueao

209 2560 272 2599 non
294 2540 417 2599 minimi
438 2541 580 2619 periculi,
595 2542 669 2619 quia
690 2547 796 2602 tamen
817 2541 904 2601 fraus
925 2541 1043 2617 aberat,
1057 2542 1090 2600 in
1110 2542 1212 2602 iocum

186 2644 315 2705 avertit.
358 2645 449 2704 Idem
470 2646 583 2704 Polum
600 2665 638 2705 ex
655 2646 885 2724 acceptissimis
906 2646 1028 2706 libertis
1050 2647 1129 2706 mori
1149 2666 1212 2707 coe
1295 2685 1297 2688 v

210 2750 258 2826 git
285 2755 480 2828 compertum
507 2751 694 2830 adulterare
713 2757 890 2826 matronas;
922 2752 1034 2810 Thallo
1061 2771 1080 2812 a
1108 2771 1210 2828 manu,

210 2856 294 2933 quod
315 2875 373 2934 pro
394 2856 531 2934 epistula
552 2856 678 2933 prodita
699 2856 843 2916 denarios
866 2857 1053 2933 quingentos
1079 2858 1213 2935 accepis-

211 2966 268 3036 set,
291 2980 381 3020 crura
406 2961 435 3020 ei
459 2960 574 3036 fregit3
603 2961 818 3038 paedagogum
846 2961 1069 3039 ministrosque
1098 2963 1249 3038 c.fi1i,25

210 3085 266 3144 per
287 3065 480 3126 occasionem
501 3066 687 3126 valitudinis
708 3066 882 3143 mortisque
903 3067 970 3126 eius
993 3067 1125 3145 superbe
1142 3087 1213 3128 ava

209 3190 304 3248 reque
332 3172 366 3229 in
394 3172 556 3249 provincia
583 3178 750 3248 grassatos,
779 3177 923 3232 oneratos
955 3173 1044 3249 gravi
1074 3175 1212 3252 pondere

210 3276 382 3336 cervicibus
397 3277 620 3354 praecipitavit
634 3276 667 3335 in
681 3277 806 3338 flumen.

151 3388 187 3439 68
248 3382 356 3442 Prima
377 3382 506 3442 iuventa
526 3382 686 3442 variorum
705 3383 893 3459 dedecorum
915 3384 1079 3446 infamiam
1104 3386 1232 3446 subiit

209 3487 323 3547 Sextus
351 3488 520 3565 Pompeius
549 3495 585 3548 ut
617 3488 833 3548 effeminatum
866 3490 1038 3550 insectatus
1066 3496 1130 3566 est3
1165 3494 1248 3557 Mac

209 3592 367 3652 Antonius
395 3593 597 3669 adoptionem
624 3594 772 3653 avunculi
801 3600 911 3672 stupro
940 3596 1105 3671 meritum3
1133 3597 1210 3657 item

208 3700 244 3757 L.
267 3697 367 3757 Marci
392 3697 499 3773 frater,
522 3699 612 3775 quasi
637 3698 823 3775 pudicitiam
848 3699 1018 3759 delibatam
1039 3720 1058 3760 a
1079 3701 1210 3763 Caesare
