2812 4140
443 257 554 307 umen
578 256 614 306 n.
651 256 763 308 nrvus
787 256 979 308 incussus
1172 245 1212 310 97

210 450 268 509 pro
286 430 349 508 ipsi
371 429 524 508 scriptum
545 429 814 492 animadverterit.
858 429 1009 500 Quotiens
1030 435 1137 490 autem
1157 449 1214 509 per

209 542 300 596 notas
315 535 434 611 scribit,
447 536 474 594 B
489 553 546 613 pro
561 534 635 610 A,C
651 536 746 613 proB
760 554 797 595 ac
810 535 957 613 deinceps
973 535 1082 595 eadem
1093 535 1213 614 ratione

210 641 370 719 sequentis
385 641 509 701 litteras
524 640 630 718 ponit,
652 659 709 718 pro
723 640 755 699 X
768 645 875 700 autem
889 641 1007 719 duplex
1022 642 1059 701 A.
1087 667 1090 678 ·

151 756 187 807 89
249 748 299 807 Ne
328 747 519 806 Graecarum
546 745 674 822 quidem
701 745 940 824 disciplinarum
964 745 1082 807 leviore
1107 748 1212 807 studio

209 852 384 912 tenebatur.
427 853 468 911 In
486 851 600 929 quibus
622 856 654 911 et
671 851 749 928 ipsis
767 851 948 929 praestabat
962 851 1101 929 largiter,
1119 853 1235 930 magi-o

209 964 276 1036 stro
286 957 412 1016 dicendi
426 975 502 1017 usus
517 956 710 1035 Apollodoro
724 956 928 1033 Pergameno,
940 977 1033 1035 quem
1048 958 1110 1017 iam
1124 977 1212 1035 gran-

209 1064 281 1123 dem
305 1067 383 1123 natu
408 1062 610 1141 Apolloniam
635 1054 759 1140 quoque
785 1081 891 1123 secum
918 1063 958 1124 ab
984 1063 1061 1123 urbe
1088 1063 1210 1124 iuvenis

208 1168 310 1229 adhuc
332 1169 493 1243 eduxerat,
514 1154 628 1227 deinde
649 1168 825 1231 eruditione
846 1168 943 1229 etiam
963 1168 1051 1229 varia
1072 1169 1211 1246 repletus

209 1294 265 1352 per
287 1273 363 1333 Arei
385 1272 566 1351 philosophi
586 1271 785 1351 filiorumque
808 1273 875 1334 cius
899 1273 1034 1352 Dionysi
1062 1279 1094 1334 et
1121 1274 1213 1334 Nica

208 1379 293 1438 noris
318 1377 574 1452 contubernium
602 1397 665 1436 non
690 1382 796 1438 tamen
822 1384 860 1438 ut
879 1385 935 1438 aut
956 1378 1136 1456 loqueretur
1162 1395 1251 1440 ex-10

209 1484 315 1562 pedite
339 1489 395 1543 aut
416 1500 600 1560 componere
621 1482 743 1560 aliquid
763 1484 911 1559 auderet;
932 1503 1005 1544 nam
1026 1489 1059 1544 et
1083 1484 1111 1544 si
1134 1484 1211 1561 quid

209 1607 258 1648 res
273 1588 422 1664 exigeret,
443 1587 557 1648 Latine
578 1587 736 1648 formabat
756 1588 1005 1666 vertendumque
1025 1589 1082 1649 alii
1106 1589 1209 1649 dabat

209 1694 270 1754 Sed
284 1693 377 1771 plane
392 1697 572 1771 poematum
587 1712 711 1770 quoque
724 1713 788 1752 non
806 1693 982 1771 imperitus
996 1693 1212 1754 delectabatur

208 1800 305 1860 etiam
333 1799 492 1859 comoedia
519 1799 619 1858 veteri
647 1805 680 1859 et
707 1818 800 1877 saepe
825 1819 893 1859 eam
921 1799 1065 1859 exhibuit
1093 1805 1212 1877 specta

185 1905 286 1964 aculis
302 1904 446 1982 publicis.
489 1905 529 1962 In
543 1903 724 1963 evolvendis
746 1904 912 1981 utriusque
932 1905 1058 1980 linguae
1079 1905 1211 1965 auctori·
1220 1919 1248 1965 15

208 2009 265 2069 bus
290 2009 371 2068 nihil
392 2028 490 2085 aeque
512 2009 690 2069 sectabatur
709 2029 804 2085 quam
825 2017 993 2088 praecepta
1014 2015 1047 2069 et
1067 2010 1211 2089 exempla

208 2114 333 2193 publice
364 2114 415 2174 vel
442 2113 594 2192 privatim
628 2113 775 2189 salubria,
803 2133 901 2192 eaque
935 2115 975 2174 ad
1004 2115 1134 2174 verbum
1162 2134 1211 2175 cx-

208 2225 316 2298 cerpta
342 2224 399 2279 aut
425 2219 466 2279 ad
493 2219 681 2278 domesticos
715 2225 771 2278 aut
797 2220 837 2279 ed
866 2220 1060 2280 exercituum
1087 2221 1211 2298 provin-

209 2326 388 2403 ciarumque
403 2329 539 2385 rectores
560 2325 674 2384 autad
693 2324 780 2384 urbis
803 2326 1005 2401 magistratus
1025 2327 1209 2404 plerumque

209 2431 365 2506 mittebat,
393 2436 487 2508 prout
514 2430 631 2508 quique
660 2429 832 2490 monitione
860 2430 1046 2506 indigerent.
1102 2432 1247 2491 Etiamne

208 2534 304 2595 libros
333 2539 416 2595 totos
445 2540 477 2595 et
506 2535 629 2594 senatui
657 2535 804 2595 recitavit
832 2542 864 2595 ct
891 2537 1008 2614 populo
1034 2541 1125 2595 notos
1153 2556 1209 2615 per

209 2641 347 2700 edictum
368 2659 461 2717 saepe
483 2639 569 2714 fecit,
586 2647 623 2699 ut
643 2640 799 2699 orationes
821 2641 856 2710 Q.
879 2641 1003 2700 Metelli
1022 2641 1068 2699 de
1089 2642 1209 2702 Prole

208 2745 401 2821 Augenda
425 2751 458 2804 et
481 2745 584 2804 Rutili
605 2746 651 2805 de
672 2745 789 2804 Modo
811 2746 1125 2822 Aedificiorum,
1147 2767 1209 2824 quo

208 2851 307 2927 magis
329 2850 532 2928 persuaderet
555 2856 722 2926 utramque
746 2869 812 2909 rem
835 2871 899 2910 non
922 2871 941 2911 a
966 2871 999 2911 se
1020 2850 1122 2930 primo
1146 2852 1210 2912 ani-

207 2956 413 3030 madversam,
428 2955 483 3014 sed
497 2954 636 3031 antiquis
652 2954 714 3014 iam
728 2960 803 3014 tunc
818 2975 908 3016 curae
922 2957 1030 3018 fuisse.
1218 2974 1247 3019 25

183 3075 199 3121 3
247 3060 380 3136 Ingenia
401 3059 517 3120 saeculi
539 3061 588 3118 sui
609 3059 753 3119 omnibus
776 3061 877 3119 modis
899 3061 989 3122 fovit.
1031 3062 1208 3123 Recitantis

208 3171 241 3225 et
260 3165 393 3242 benigne
419 3171 451 3226 et
474 3165 632 3242 patienter
656 3165 767 3240 audiit,
789 3185 846 3224 nec
870 3171 994 3226 tantum
1018 3168 1156 3228 carmina
1177 3160 1220 3228 et*

128 3274 130 3278 ’
207 3269 364 3346 historiae,
380 3269 435 3330 sed
455 3276 487 3329 et
508 3269 663 3329 orationes
685 3276 718 3329 et
738 3270 887 3346 dialogos.
930 3270 1082 3351 Componi
1103 3279 1209 3333 tamen

206 3374 327 3452 aliquid
348 3375 387 3434 de
409 3394 442 3434 se
463 3374 524 3433 nisi
546 3380 578 3434 et
600 3375 680 3434 serio
695 3381 727 3434 et
740 3394 759 3435 a
774 3376 1054 3452 praestantissimis
1076 3379 1209 3438 offende-

80 3475 103 3548 s
206 3479 308 3554 batur,
336 3480 585 3556 admonebatque
620 3485 779 3558 praetores
812 3499 850 3540 ne
878 3486 1062 3559 paterentur
1095 3499 1246 3545 nomento

207 3605 298 3644 suum
314 3584 583 3644 commissionibus
598 3584 781 3644 obsolefieri.

29 3665 31 3669 Ι
85 3719 95 3754 Α,
149 3706 184 3757 9ο
247 3689 337 3750 Circa
351 3688 517 3766 religiones
533 3689 629 3749 talem
646 3689 831 3767 accepimus.
864 3691 1017 3751 Tonitrua
1033 3697 1066 3751 ct
1082 3691 1209 3769 fulgura
