2812 4140
428 304 430 308 »
480 272 591 324 LIBER
614 272 638 323 1.
672 272 785 323 DIVUS
808 273 931 325 IULIUS
1063 284 1066 290 '
1166 259 1207 324 35

149 449 185 501 70
246 443 432 504 Decimanos
451 449 558 504 autem
579 445 697 504 Romae
719 464 789 504 cum
810 444 990 523 ingentibus
1012 445 1106 505 minis
1128 465 1209 505 sum·

207 568 320 626 moque
354 550 449 609 etiam
483 549 571 608 urbis
613 549 753 628 periculo
787 550 968 610 missionem
1002 556 1035 610 et
1068 551 1208 628 praemia

207 656 396 731 flagitantes,
423 655 553 714 ardente
581 660 656 714 tunc
681 655 714 713 in
742 654 853 714 Africa
873 656 964 731 belle,
993 675 1093 732 neque
1121 657 1208 716 adire

209 766 373 821 cunctatus
394 766 452 836 est,
481 781 660 838 quanquam
693 761 923 821 deterrentibus
952 761 1072 838 amicis,
1107 781 1208 840 neque

208 867 385 943 dimittere3
408 868 462 927 sed
476 887 539 927 una
550 887 707 943 voceque
721 868 906 937 Quirites
918 887 970 927 eos
985 887 1042 946 pro
1054 867 1232 927 militibuso

207 973 393 1051 appellarat,
415 980 481 1033 tam
502 974 595 1033 facile
617 973 800 1049 circumegit
820 979 853 1034 et
872 974 962 1034 flexit
983 980 1020 1034 ut
1041 973 1070 1033 ei
1091 973 1208 1032 milites

208 1098 276 1138 esse
291 1079 457 1138 confestim
473 1078 693 1156 responderint
707 1083 740 1138 et
754 1079 899 1155 quamvis
914 1084 1110 1139 recusantem
1124 1078 1209 1137 ultro

208 1185 241 1242 in
267 1185 410 1243 Africam
438 1183 502 1243 sint
524 1184 641 1260 secuti3
662 1203 699 1244 ac
722 1185 766 1244 sic
789 1204 912 1261 quoque
934 1183 1210 1243 seditiosissimum

208 1308 364 1366 quemque
402 1294 434 1349 et
468 1290 602 1366 praedae
637 1295 669 1349 et
703 1290 771 1365 agri
805 1289 957 1350 destinati
992 1288 1086 1349 tertia
1120 1293 1210 1366 parte

208 1395 363 1454 multavit.
1221 1406 1250 1452 10

149 1507 184 1558 71
249 1499 396 1559 Studium
417 1505 450 1560 et
469 1500 547 1560 fides
569 1520 643 1578 erga
674 1501 798 1561 clientis
819 1520 859 1561 no
887 1501 993 1560 iuveni
1014 1500 1142 1577 quidem
1162 1499 1212 1559 de-

209 1605 345 1664 fuerunt.
396 1605 591 1666 Masintham
619 1606 757 1665 nobilem
786 1607 940 1680 iuvenem,
962 1625 1032 1664 cnm
1061 1605 1211 1665 adversus

209 1709 427 1787 Hiempsalem
456 1730 561 1786 regem
596 1716 661 1770 tam
692 1711 783 1771 enixe
819 1711 1014 1771 defendisset
1045 1715 1082 1769 ut
1113 1709 1211 1769 lubae

209 1815 291 1890 regis
305 1815 371 1874 filio
386 1816 419 1873 in
433 1816 636 1875 altercatione
650 1815 780 1875 barbam
794 1816 955 1890 invaserit,
971 1815 1211 1892 stipendiarium

209 1940 332 1997 quoque
354 1921 593 1998 pronuntiatum
614 1927 646 1980 et
673 1921 928 1981 abstrahentibus
958 1920 1068 1980 statim
1095 1920 1212 1997 eripuit
1222 1933 1251 1980 15

209 2025 440 2102 occultauitque
462 2027 547 2102 apud
571 2046 603 2085 se
626 2027 681 2085 diu
710 2032 743 2086 et
765 2045 838 2085 mox
861 2045 900 2085 ex
923 2031 1071 2102 praetura
1092 2024 1213 2102 profici-

210 2150 297 2189 scens
320 2131 353 2189 in
374 2131 564 2208 Hispaniam
584 2131 668 2191 inter
689 2131 790 2191 officia
816 2131 1074 2208 prosequentium
1101 2130 1214 2189 fasces·

209 2255 270 2312 que
284 2236 431 2295 lictorum
446 2237 557 2296 lectica
572 2255 629 2296 sua
642 2236 758 2296 avexit.

151 2348 189 2431 72
250 2341 377 2400 Amicos
394 2346 483 2401 tanta
498 2360 621 2418 semper
643 2341 799 2401 facilitate
821 2341 1080 2418 indulgentiaque
1101 2345 1214 2401 tracta-

209 2446 258 2506 vit
278 2452 314 2505 ut
336 2446 416 2505 Gaio
437 2447 542 2523 Oppio
571 2447 736 2506 comitanti
759 2466 792 2506 se
816 2466 872 2524 per
897 2447 1042 2506 silvestre
1065 2447 1126 2505 iter
1151 2460 1251 2507 cor-ao

210 2556 362 2628 reptoque
395 2551 501 2610 subita
543 2551 720 2611 valitudine
751 2551 963 2610 deversoriolo
997 2551 1081 2627 quod
1114 2570 1213 2609 unum

210 2661 278 2715 erat
303 2656 431 2715 cesserit
453 2662 485 2715 et
507 2656 576 2733 ipse
598 2656 687 2714 humi
712 2675 748 2716 ac
770 2657 829 2715 sub
851 2657 925 2715 divo
950 2656 1101 2715 cubuerit.
1143 2657 1213 2715 Iam

209 2767 316 2820 autem
337 2779 441 2819 rerum
465 2765 577 2837 potens
602 2761 755 2837 quosdam
779 2761 876 2821 ctiam
900 2760 1001 2819 infimi
1026 2759 1148 2836 generis
1172 2759 1213 2819 ad

209 2865 421 2942 amplissimos
449 2865 582 2925 honores
611 2867 767 2943 provexit,
796 2885 867 2925 oum
894 2866 934 2924 ob
961 2866 994 2924 id
1024 2865 1212 2943 culparetur,

210 2971 372 3048 professus
404 2971 509 3047 palam
541 2971 574 3030 si
605 2977 878 3047 grassatorum
909 2977 947 3031 et
979 2970 1253 3032 sicarioruma

210 3094 280 3152 ope
309 3075 348 3133 in
377 3076 524 3135 tuenda
548 3095 617 3136 sua
640 3077 843 3152 dignitate
868 3096 960 3135 usus
985 3081 1100 3151 esset,
1122 3074 1214 3135 tali·

210 3179 280 3241 bus
309 3200 461 3257 quoque
490 3200 529 3241 se
557 3201 688 3259 parem
716 3183 886 3257 gratiam
914 3181 1141 3241 relaturum.

152 3295 188 3346 73
252 3286 435 3346 Simultates
454 3293 562 3347 contra
582 3287 685 3347 nullas
704 3294 769 3346 tam
787 3306 897 3364 graves
919 3286 1044 3365 excepit
1064 3305 1214 3364 umquam

210 3397 324 3451 utnon
341 3393 500 3453 occasione
522 3394 627 3454 oblata
647 3394 748 3454 libens
771 3394 951 3474 deponeret.
995 3395 1055 3455 Gai
1072 3392 1213 3467 Memmi,

212 3499 299 3557 cuius
322 3500 503 3576 asperrimis
527 3500 720 3560 orationibus
745 3520 808 3559 non
832 3501 952 3560 minore
975 3499 1145 3559 acerbitate
1170 3514 1252 3560 reso

213 3604 390 3680 scripserat,
406 3605 501 3664 etiam
516 3606 705 3681 suffragator
718 3625 791 3665 mox
808 3607 842 3665 in
860 3606 1013 3685 petitione
1034 3595 1216 3662 consulatus

212 3708 283 3768 fuit.
327 3709 407 3770 Gaio
431 3709 528 3771 Calvo
555 3716 628 3789 post
655 3711 776 3771 famosa
803 3711 1030 3788 epigrammata
1050 3709 1090 3768 de
1113 3727 1216 3768 recon-
