2812 4140
192 238 233 306 32
274 249 303 303 c.
330 248 485 303 suuroru
506 246 735 311 russonum
759 249 807 299 or
831 248 922 299 vms
945 206 1148 300 cansarum

231 425 421 485 Inclinatam
458 424 558 484 aciem
597 423 682 484 solus
720 442 813 501 saepe
852 423 994 483 restituit
1033 424 1190 484 obsistens
1214 431 1250 482 62

191 529 387 606 fugientibus
412 530 614 606 retinensque
640 529 780 605 singulos
805 535 838 588 et
866 529 1017 588 contortis
1046 528 1190 589 faucibus

192 641 375 695 convertens
390 635 424 694 in
437 635 561 695 hostem
572 634 743 712 etquidem
757 634 835 694 adeo
850 634 1035 712 plerumque
1050 635 1190 712 trepidos

191 745 228 800 ut
240 739 390 817 aquilifer
409 740 546 799 moranti
563 758 596 799 se
615 739 744 817 cuspide
762 740 805 799 sit
824 739 1041 815 comminatus,
1058 739 1140 800 alius
1158 740 1191 799 in

92 855 97 873 ¹
166 860 286 906 umanu
299 845 471 906 detinentis
486 844 650 923 reliquerit
664 845 797 921 signum.

229 951 303 1011 Non
324 951 426 1011 minor
447 951 503 1011 illa
520 951 696 1011 constantia
713 951 797 1010 eius:
819 951 937 1012 maiora
957 951 1053 1012 etiam
1075 950 1192 1011 indicia
1214 957 1250 1008 63

191 1056 319 1117 fuerint.
360 1058 440 1133 Post
466 1057 566 1117 aciem
597 1056 812 1117 Pharsalicam
843 1076 914 1116 cum
944 1056 1126 1134 praemissis
1157 1056 1191 1114 in

191 1161 300 1222 Asiam
316 1163 413 1240 copiis
430 1181 487 1241 per
500 1162 663 1238 angustias
678 1161 881 1239 Hellesponti
894 1162 1033 1222 vectoria
1045 1161 1191 1221 navicula

190 1267 346 1342 traiceret,
360 1269 395 1326 L.
408 1267 552 1327 Cassium
567 1268 666 1345 partis
678 1268 828 1327 adversae
842 1286 913 1327 cum
926 1267 1035 1327 decem
1045 1265 1190 1327 rostratis

151 1371 322 1432 lunaribus
337 1371 465 1431 obvium
480 1372 541 1432 sibi
555 1392 656 1449 neque
671 1372 790 1448 refugit
807 1378 839 1432 et
857 1372 1030 1432 comminus
1047 1373 1190 1446 tendens,

189 1476 274 1537 ultro
288 1477 329 1536 ad
342 1477 535 1537 deditionem
550 1477 705 1551 hortatus,
721 1477 897 1555 supplicem
910 1478 951 1538 ad
966 1496 999 1537 se
1014 1459 1141 1555 recepit.

230 1582 440 1642 Alexandriae
472 1582 554 1642 circa
586 1581 853 1661 oppugnationem
885 1581 992 1660 pontis
1025 1582 1190 1660 eruptione
1214 1584 1250 1634 64

189 1686 328 1746 hostium
353 1687 458 1747 subita
483 1688 651 1766 conpulsus
673 1687 707 1746 in
731 1689 890 1766 scapham,
912 1687 1056 1765 pluribus
1082 1687 1190 1746 eodem

190 1791 482 1870 praecipitantibus,
511 1812 581 1851 oum
609 1792 770 1852 desilisset
804 1793 837 1851 in
872 1811 967 1868 mare,
995 1792 1099 1852 nando
1134 1810 1190 1870 per

151 1911 180 1956 16
189 1897 340 1957 ducentos
362 1917 473 1976 passus
491 1899 594 1959 evasit
609 1899 650 1958 ad
668 1898 844 1976 proximam
861 1917 983 1973 navem,
1002 1897 1085 1958 elata
1101 1897 1191 1957 laeva

188 2021 227 2062 ne
247 2001 348 2073 libelli
365 2022 443 2080 quos
461 2003 589 2063 tenebat
606 1987 819 2078 madefierent,
837 2002 1096 2080 paludamentum
1114 2021 1192 2061 mor-

189 2107 277 2167 dicus
292 2108 420 2168 trahens
435 2128 474 2168 ne
489 2109 590 2187 spolio
604 2114 766 2187 poteretur
780 2109 890 2168 hostis.

228 2212 367 2273 Militem
387 2233 489 2291 neque
510 2233 529 2274 a
550 2214 688 2273 moribus
710 2232 812 2290 neque
832 2233 851 2273 a
873 2213 1001 2274 fortuna
1028 2212 1189 2291 probabat,
1213 2217 1248 2268 65

189 2317 244 2377 sed
261 2323 387 2389 tantum
403 2338 422 2379 a
436 2318 566 2393 viribus,
585 2319 803 2396 tractabatque
821 2318 891 2396 pari
909 2318 1078 2378 severitate
1095 2324 1190 2394 atque

150 2422 394 2499 aindulgentia.
436 2426 510 2484 Non
538 2425 622 2484 enim
652 2424 768 2502 ubique
801 2442 837 2484 ac
870 2443 1002 2502 semper,
1034 2423 1089 2483 sed
1120 2442 1190 2482 cum

188 2527 289 2587 hostis
305 2528 338 2586 in
352 2528 497 2606 proximo
515 2536 607 2605 esset,
623 2529 802 2589 coercebat:
825 2535 893 2588 tum
911 2529 1047 2589 maxime
1064 2534 1190 2587 exactor

189 2632 394 2710 gravissimus
413 2635 612 2713 disciplinae,
632 2642 668 2695 ut
687 2654 789 2712 neque
810 2634 933 2694 itineris
955 2653 1056 2712 neque
1077 2632 1190 2711 proelii

189 2744 314 2817 tempus
332 2739 543 2816 denuntiaret,
562 2741 617 2800 sed
634 2747 780 2818 paratum
798 2745 830 2800 et
847 2739 1005 2799 intentum
1022 2737 1206 2819 momentis

189 2844 333 2905 omnibus
361 2865 423 2923 quo
450 2846 547 2907 vellet
573 2845 677 2906 subito
698 2846 852 2906 educeret.
894 2845 984 2914 Quod
1005 2845 1100 2904 etiam
1122 2844 1189 2903 sine

151 2966 283 3012 ascensa
310 2951 495 3029 plerumque
523 2951 668 3026 faciebat,
697 2951 864 3029 praecipue
892 2949 1009 3027 pluviis
1038 2955 1070 3009 et
1097 2949 1200 3013 festis.

102 3091 108 3102 .
189 3056 308 3116 diebus.
351 3059 399 3117 Ao
418 3057 551 3117 subinde
570 3057 800 3119 observandum
820 3075 852 3115 se
872 3057 1043 3116 admonens
1061 3060 1189 3132 repente

189 3160 329 3220 interdiu
343 3163 392 3221 vel
412 3169 503 3222 nocte
524 3162 728 3223 subtrahebat
746 3161 942 3237 augebatque
962 3160 1023 3220 iter
1036 3166 1072 3219 ut
1090 3160 1188 3219 serius

190 3264 409 3342 subsequentis
425 3267 625 3342 defatigaret.

229 3371 327 3430 Fama
337 3391 412 3431 vero
425 3372 589 3432 hostilium
601 3373 761 3449 copiarum
775 3372 960 3450 perterritos
974 3390 1038 3430 non
1047 3371 1190 3446 negando
1213 3380 1249 3429 66

151 3474 408 3552 sominuendove,
436 3478 492 3537 sed
519 3477 649 3555 insuper
678 3478 899 3555 amplificando
930 3476 1190 3551 ementiendoque

192 3581 403 3641 confirmabat.
446 3583 559 3658 Itaque
593 3601 663 3641 cum
698 3583 876 3660 expectatio
908 3583 1061 3642 adventus
1092 3579 1190 3639 Iubae

191 3685 342 3746 terribilis
381 3692 474 3762 esset,
512 3687 690 3748 convocatis
729 3687 770 3747 ad
808 3686 986 3747 contionem
1025 3685 1190 3760 militibus,
1277 3754 1279 3758 ἱ
