2812 4140
370 678 409 752 U.
447 676 664 751 SUETONI
699 677 1011 762 TRANQUILLI

350 909 432 989 Dll
473 908 626 988 VITA
667 908 1019 991 CAESARUM

579 1146 720 1210 LIBER
752 1147 797 1212 II.

460 1330 614 1405 DlVUS
649 1330 914 1405 AUGUSTUS

226 1529 360 1588 Gentem
388 1528 553 1588 Octaviam
586 1526 718 1587 Velitris
751 1527 953 1606 praecipuam
981 1528 1057 1588 olim
1089 1528 1188 1589 fuisse
1215 1532 1229 1580 l

186 1633 286 1692 multa
306 1633 476 1692 declarant.
521 1633 606 1692 Nam
627 1638 659 1692 et
680 1634 768 1692 vicus
797 1612 999 1692 celeberrima
1021 1639 1110 1711 parte
1138 1653 1189 1711 op

185 1738 253 1816 pidi
266 1737 330 1797 iam
344 1737 466 1814 pridem
485 1737 635 1797 Octavius
654 1737 825 1796 vocabatur
843 1742 875 1796 et
893 1738 1117 1798 ostendebatur
1134 1758 1188 1798 ara

186 1842 317 1903 Octavio
345 1847 525 1901 consecrata
552 1841 607 1918 qui
633 1841 716 1901 bello
744 1842 808 1900 dux
836 1841 981 1917 finitimo,
1010 1862 1080 1901 cum
1105 1844 1187 1903 forte

160 1947 282 2007 eMarti
304 1965 369 2006 rem
390 1946 530 2006 divinam
553 1947 680 2020 faceret,
703 1947 849 2006 nuntiata
870 1952 999 2024 repente
1023 1947 1123 2006 hostis
1145 1949 1189 2007 in·

185 2051 327 2111 cursione
349 2051 524 2111 semicruda
545 2056 618 2110 exta
640 2056 731 2127 rapta
752 2051 823 2110 foco
845 2051 1003 2127 prosecuit
1025 2057 1120 2128 atque
1143 2053 1188 2112 ita

184 2156 339 2235 proelium
353 2156 512 2231 ingressus
528 2156 629 2215 victor
652 2156 742 2214 redit.
784 2157 953 2214 Decretum
973 2156 1069 2240 etiam
1088 2158 1188 2234 publi-

185 2280 255 2321 cum
269 2260 397 2321 extabat
411 2280 473 2338 quc
488 2261 656 2320 cavebatur
671 2266 707 2319 ut
724 2260 758 2318 in
773 2266 934 2338 posterum
950 2280 1073 2337 quoque
1090 2263 1187 2321 simili

185 2367 276 2426 modo
297 2371 370 2426 exta
390 2365 489 2426 Marti
510 2366 716 2424 redderentur
744 2365 957 2442 reliquiaeque
977 2366 1018 2425 ad
1039 2367 1186 2427 Octavios

145 2485 175 2532 10
184 2471 385 2532 referrentur.
729 2471 733 2478 ’

224 2578 271 2636 Ea
284 2595 393 2654 genua
414 2576 586 2652 Tarquinio
606 2576 715 2636 Prisco
737 2596 808 2652 rege
823 2576 906 2636 inter
927 2577 1062 2636 minores
1084 2578 1185 2655 gentis
1210 2585 1227 2634 2

183 2681 307 2742 adlecta
320 2682 522 2756 incenatum,
538 2700 610 2740 mox
628 2701 647 2740 a
670 2682 778 2740 Servio
793 2681 898 2740 Tullio
916 2682 949 2740 in
964 2682 1112 2759 patricias
1128 2688 1187 2742 tra

184 2787 287 2862 ducta,
299 2786 486 2864 procedente
498 2791 639 2864 tempore
652 2787 692 2846 ad
704 2786 829 2863 plebem
844 2807 877 2847 se
889 2788 1022 2847 contulit
1033 2807 1069 2847 ac
1079 2806 1185 2846 rursus

184 2911 297 2968 magno
310 2891 479 2951 intervallo
492 2910 549 2968 per
563 2891 682 2951 Divum
697 2893 817 2951 Iulium
831 2893 865 2951 in
876 2893 1079 2971 patriciatum
1094 2892 1184 2951 redit.

146 3008 174 3054 15
184 2996 309 3056 Primus
334 3015 372 3056 ex
400 2996 459 3057 hac
488 2998 708 3081 magistratum
732 2999 842 3077 populi
867 2992 1016 3074 suffragio
1041 2998 1125 3075 cepit
1152 2998 1185 3057 U.

183 3101 297 3160 Rufus.
340 3102 373 3160 Is
399 3103 596 3178 quaestorius
622 3104 677 3164 Cn.
703 3109 736 3164 et
760 3104 793 3165 O.
819 3104 1005 3183 procreavit,
1030 3122 1049 3163 a
1072 3103 1210 3180 quibust

184 3206 301 3284 duplex
323 3205 526 3267 Octaviorum
546 3209 670 3270 familia
693 3210 826 3270 defluxit
851 3210 1032 3270 condicione
1052 3209 1186 3282 diversa,

184 3311 340 3388 siquidem
355 3312 482 3373 Gnaeus
500 3319 532 3374 et
548 3315 696 3394 deinceps
717 3317 758 3376 ab
776 3334 813 3375 eo
830 3315 944 3392 reliqui
963 3333 1069 3374 omnes
1084 3311 1188 3374 functi

184 3421 259 3476 sunt
272 3417 442 3478 honoribus
458 3419 588 3478 summis
600 3442 607 3494 ;
627 3426 662 3479 at
670 3422 704 3481 U.
715 3421 844 3498 eiusque
854 3420 982 3498 posteri,
994 3439 1049 3479 seu
1059 3419 1188 3479 fortuna

146 3536 240 3582 nosen
261 3523 434 3597 voluntate,
449 3523 484 3581 in
504 3524 643 3600 equestri
665 3525 773 3584 ordine
796 3525 1006 3586 constiterunt
1027 3525 1186 3602 usquead

185 3627 322 3704 Augusti
336 3632 468 3706 patrem.
511 3629 651 3688 Proavus
670 3630 807 3706 Augusti
822 3631 956 3691 secundo
971 3629 1090 3691 Punico
1104 3628 1187 3693 bello

668 3735 700 3783 46
