2812 4140
466 248 576 297 1101111
600 247 622 297 1.
659 248 770 298 uivus
794 248 916 299 1111100
1151 238 1191 300 31

189 420 392 479 accersendas
412 421 532 480 frustra
552 439 645 498 saepe
665 420 814 495 misisset,
834 419 1004 480 novissime
1023 421 1091 498 ipse
1111 421 1191 480 clam

189 530 285 583 noctu
312 524 480 602 parvulum
507 525 669 600 navigium
698 526 782 585 solus
812 525 961 584 obvoluto
989 526 1091 602 capite
1123 544 1191 584 con-

190 629 321 704 scendit,
347 648 448 706 neque
475 636 531 689 aut
556 630 627 706 quis
651 636 735 690 esset
759 636 833 689 ante
858 631 980 690 detexit
1004 636 1060 690 aut
1084 631 1191 706 guber-

189 740 331 794 natorem
353 736 461 794 cedere
488 736 639 794 adversae
668 735 851 813 tempestati
880 755 990 814 passus
1020 742 1068 795 001
1096 756 1190 813 quam

189 858 287 918 paene
302 840 432 899 obrutus
447 840 602 899 fluctibus.
1198 853 1213 897 15

130 956 166 1005 59
228 947 278 1004 Ne
289 945 440 1022 religione
452 946 579 1022 quidem
591 946 855 1024 ullaaquoquam
865 947 991 1025 incepto
1002 948 1188 1007 absterritus
1261 992 1264 1001 ,

187 1068 336 1127 umquam
356 1051 406 1109 vel
425 1051 602 1111 retardatus
621 1057 677 1111 est.
721 1052 800 1110 Cum
817 1052 995 1111 immolanti
1013 1053 1189 1127 aufugisset

187 1156 300 1231 hostia,
323 1157 552 1234 professionem
572 1158 724 1217 adversus
747 1157 925 1234 Scipionem
947 1165 980 1217 et
997 1158 1109 1217 Iubam
1126 1177 1189 1216 non

187 1261 322 1321 distulit.
366 1263 537 1340 Prolapsus
567 1264 662 1323 etiam
691 1263 724 1321 in
753 1282 880 1339 egressu
907 1264 997 1322 navis
1028 1283 1119 1323 verso
1149 1264 1189 1322 ad

188 1367 299 1426 melius
311 1368 415 1427 omine
426 1390 432 1443 3
451 1370 531 1427 Ten
539 1387 582 1427 eo
596 1374 643 1443 te,
655 1368 768 1445 inquit,
779 1369 832 1427 Af
839 1389 854 1426 r
862 1368 873 1426 i
882 1388 932 1428 ca.
956 1369 1007 1426 Ad
1019 1369 1188 1444 eludendas
1200 1379 1228 1424 10

186 1478 293 1532 autem
323 1473 564 1532 vaticinationes
593 1473 706 1550 quibus
738 1473 816 1533 felix
845 1479 877 1534 et
907 1473 1061 1534 invictum
1092 1472 1125 1531 in
1153 1493 1189 1533 ea

187 1577 349 1655 provincia
371 1579 513 1638 fataliter
535 1579 716 1656 Scipionum
739 1598 852 1638 nomen
873 1579 1044 1655 ferebatur,
1064 1579 1189 1657 despec-

187 1684 346 1742 tissimum
365 1684 522 1760 quendam
537 1704 575 1743 ex
590 1685 805 1744 Corneliorum
820 1704 942 1761 genere,
961 1685 1011 1744 cui
1024 1685 1064 1744 ad
1079 1705 1189 1762 oppro

96 1788 98 1791 ’
185 1788 289 1847 brium
311 1789 396 1849 vitae
422 1789 578 1848 Salvitoni
603 1809 774 1866 cognomen
795 1796 872 1865 erat,
894 1791 927 1848 in
949 1791 1060 1850 castris
1083 1809 1188 1849 secum

186 1893 304 1953 habuit.
1198 1909 1226 1954 10

127 2012 163 2061 60
226 1999 351 2059 Proelia
378 2020 441 2059 non
470 2006 595 2061 tantum
623 2001 791 2076 destinato,
814 2002 869 2061 sed
890 2021 929 2061 ex
951 2001 1112 2061 occasione
1141 2021 1188 2060 su·

185 2105 291 2164 mebat
318 2123 354 2164 ac
383 2125 475 2182 saepe
497 2105 671 2165 abitinere
699 2107 817 2181 statim,
837 2107 1008 2167 interdum
1026 2106 1187 2184 spurcissi-

185 2210 244 2268 mis
263 2211 517 2287 tempestatibus,
538 2231 608 2269 cum
628 2211 757 2270 minime
775 2212 846 2288 quis
865 2218 1024 2272 moturum
1041 2217 1185 2288 putaret;

184 2334 241 2374 nec
269 2315 331 2373 nisi
361 2322 503 2393 tempore
531 2322 673 2375 extremo
701 2318 741 2376 ad
769 2317 983 2376 dimicandum
1012 2317 1186 2376 cunctatior

184 2420 287 2479 factus
317 2426 374 2495 est,
403 2440 466 2497 quo
494 2422 619 2498 saepius
654 2421 782 2481 vicisset
809 2422 868 2480 hoc
896 2422 999 2480 minus
1028 2422 1224 2498 experien-20

183 2525 239 2584 dos
275 2544 364 2584 casus
400 2527 532 2603 opinans
561 2527 704 2603 nihilque
739 2546 772 2586 se
800 2532 925 2586 tantum
952 2526 1185 2603 adquisiturum

182 2630 316 2690 victoria
340 2638 493 2707 quantum
514 2678 853 2692 ............
876 2635 884 2692 ’.
908 2678 1183 2692 ..........

183 2781 553 2797 .............
576 2738 699 2797 hostem
734 2739 819 2797 fudit
854 2739 931 2814 quin
966 2739 1078 2797 castris
1113 2757 1186 2814 quo

182 2860 242 2917 que
255 2848 399 2901 exueret:
421 2842 467 2901 ita
478 2842 601 2900 nullum
612 2843 750 2919 spatium
762 2844 938 2920 perterritis
950 2844 1054 2903 dabat.
1094 2843 1186 2901 Anci-

183 2947 243 3023 piti
258 2946 377 3025 proelio
389 2966 484 3024 equos
495 2946 678 3007 dimittebat
689 2954 722 3007 et
733 2948 766 3006 in
777 2949 888 3025 primis
901 2968 1000 3023 suum,
1013 2967 1075 3025 quo
1087 2949 1185 3008 maior
1194 2963 1222 3007 25

182 3052 386 3128 permanendi
400 3051 570 3112 necessitas
589 3052 802 3130 imponeretur
818 3054 937 3112 auxilio
956 3054 1049 3128 fugae
1067 3059 1183 3130 erepto.

124 3167 158 3216 61
223 3156 383 3216 Utebatur
403 3163 509 3217 autem
529 3177 609 3234 equo
627 3158 755 3234 insigni,
773 3159 906 3235 pedibus
924 3177 1021 3236 prope
1038 3158 1183 3218 humanis

182 3261 262 3320 etin
277 3263 405 3320 modum
419 3263 592 3338 digitorum
606 3263 733 3339 ungulis
749 3264 844 3338 fissis,
862 3284 956 3340 quem
973 3270 1084 3324 natum
1099 3265 1184 3341 apud

182 3385 224 3442 se,
254 3386 325 3426 cum
351 3368 534 3445 haruspices
563 3367 732 3446 imperium
760 3369 843 3429 orbis
875 3376 976 3429 terrae
1008 3369 1184 3445 significare

181 3472 308 3531 domino
327 3475 596 3550 pronuntiassent,
615 3494 728 3550 magna
748 3493 821 3534 cura
837 3475 919 3534 aluit
935 3494 992 3534 nec
1010 3476 1221 3552 patientemao

182 3579 312 3636 sessoris
327 3579 458 3638 alterius
474 3579 595 3656 primus
609 3579 770 3654 ascendit;
793 3579 881 3638 cuius
896 3580 992 3639 etiam
1010 3580 1110 3639 instar
1126 3599 1184 3656 pro

180 3683 256 3742 aede
271 3683 404 3742 Veneris
420 3683 721 3761 Genetricispostea
733 3685 902 3744 dedicavit.
