2812 4140
185 249 227 314 24
268 259 299 312 c.
324 258 481 312 suarem
503 258 732 323 rraroumtr
755 258 804 310 or
828 259 918 310 vrrs
942 258 1144 312 causarum

225 435 394 497 Habitarit
406 434 510 514 primo
520 433 553 494 in
568 433 691 495 Subura
704 432 835 494 modicis
844 433 985 509 aedibus,
996 439 1070 512 post
1083 442 1189 496 autem
1212 446 1249 496 46

185 540 404 619 pontificatum
417 538 590 600 maximum
600 538 634 598 in
645 537 779 599 Sacra
749 557 802 598 vra
815 538 908 598 domo
922 538 1057 617 publica
1100 541 1191 599 Mun

185 646 336 706 ditiarum
364 645 624 739 lautitiarumque
645 642 912 703 studiosissimum
933 644 1027 704 multi
1047 646 1191 723 prodide
1238 726 1242 734 .

185 757 277 812 runt:
307 750 454 812 villam
445 770 479 810 m
506 749 694 810 Nemorensi
720 768 740 810 a
766 749 983 810 fundamentis
1011 750 1190 813 incohatam

160 875 360 934 smagnoque
381 861 511 935 sumptu
530 854 717 930 absolutam,
732 854 807 932 quia
820 874 883 915 non
904 861 973 916 tota
989 856 1031 916 ad
1049 856 1190 917 animum

87 950 90 954 ’
185 961 215 1022 ei
229 962 442 1040 responderat,
457 967 557 1021 totam
578 960 723 1036 diruisse,
738 979 919 1038 quanquam
940 967 1067 1022 tenuem
1087 963 1191 1023 adhuc

186 1073 218 1127 et
245 1066 444 1141 obaeratum,
472 1067 517 1126 in·
533 1064 786 1144 expeditionibus
819 1067 981 1127 tessellata
1009 1073 1040 1127 et
1069 1067 1191 1129 sectilia

185 1172 368 1250 pavimenta
381 1172 629 1246 circumtulisse,
651 1170 850 1231 Britanniam
867 1171 985 1250 petisse
999 1191 1054 1251 spe
1074 1192 1192 1250 marga
1214 1187 1247 1238 47

186 1277 328 1353 ritarum,
356 1297 490 1355 quarum
516 1276 760 1355 amplitudinem
788 1277 1001 1337 conferentem
1031 1278 1192 1338 interdum

148 1396 177 1443 10
186 1401 243 1442 sua
264 1402 359 1442 manu
380 1383 521 1458 exegisse
545 1381 686 1460 pondus;
714 1399 862 1458 gemmas,
884 1388 1069 1459 toreumata,
1092 1383 1191 1460 signa,
1266 1433 1269 1437 ,

185 1486 308 1547 tabulas
324 1487 427 1565 operis
443 1487 568 1565 antiqui
586 1505 710 1564 semper
726 1487 957 1548 animosissime
976 1507 1192 1566 comparasse,

186 1591 316 1652 servitia
343 1592 477 1652 rectiora
500 1591 711 1670 politioraque
739 1593 881 1651 inmenso
908 1593 1020 1670 pretio,
1047 1599 1079 1653 et
1103 1593 1191 1652 cuius

185 1693 291 1775 ipsuin
314 1697 410 1758 etiam
434 1698 577 1775 puderet,
599 1698 644 1757 sic
665 1703 701 1757 ut
722 1697 896 1758 rationibus
918 1703 1040 1758 vetaret
1064 1698 1192 1772 inferri,

186 1802 387 1862 convivatum
417 1803 543 1863 assidue
576 1822 634 1881 per
668 1802 846 1880 provincias
877 1802 999 1862 duobus
1034 1802 1193 1878 tricliniis,
1216 1820 1252 1871 48

149 1923 248 1969 leuno
276 1926 338 1984 quo
368 1908 470 1984 sagati
497 1907 671 1985 palliative,
698 1908 820 1968 altero
826 1926 888 1984 quo
919 1909 1020 1984 togati
1049 1928 1120 1968 cum
1150 1908 1195 1969 in·

186 2012 386 2073 lustrioribus
419 2013 653 2103 provinciarum
686 2012 927 2073 discumberent
980 2014 1193 2107 Domesticam

87 2197 89 2202 Ι
186 2117 429 2196 disciplinam
419 2137 454 2176 1n
489 2118 595 2196 parvis
629 2137 665 2178 ao
694 2117 864 2178 maioribus
897 2117 989 2177 rebus
1024 2118 1194 2195 diligenter

185 2222 264 2282 adeo
298 2241 466 2300 severeque
501 2224 584 2284 rexit
618 2229 654 2283 ut
688 2223 839 2301 pistorem
870 2222 968 2282 alium
1003 2242 1098 2300 quam
1133 2225 1194 2284 sibi

186 2346 300 2406 panem
334 2329 474 2389 convivis
510 2329 716 2389 subicientem
751 2327 953 2417 compedibus
982 2328 1130 2404 vinxerit,
1161 2329 1195 2387 li-

72 2468 75 2475 ·
147 2433 310 2496 robertum
344 2435 561 2510 gratissrmum
593 2434 633 2493 ob
664 2433 874 2493 adulteratam
907 2433 1022 2510 equitis
1059 2434 1195 2494 Romani

185 2557 324 2614 uxorem,
358 2540 503 2616 quamvis
534 2539 622 2598 nullo
654 2544 813 2615 querente,
847 2538 976 2616 capitali
1009 2558 1110 2616 poena
1144 2540 1196 2599 ad-

186 2643 306 2708 fecerit.

227 2749 404 2812 Pudicitiae
418 2751 485 2810 eius
500 2751 618 2810 famam
632 2748 712 2808 nihil
728 2749 856 2826 quidem
871 2755 996 2827 praeter
1009 2749 1192 2809 Nicomedis
1217 2764 1254 2813 49

186 2855 424 2916 contubernium
445 2856 547 2931 laesit,
569 2855 658 2931 gravi
687 2860 793 2914 tamen
815 2860 847 2914 et
868 2854 999 2932 perenni
1026 2854 1194 2933 obprobrio

148 2967 218 3022 atet
238 2962 278 3021 ad
300 2961 440 3020 omnium
463 2960 603 3021 convicia
626 2960 779 3038 exposito
823 2959 944 3019 Omitto
972 2958 1063 3019 Calvi
1090 2959 1194 3018 Licini

186 3065 367 3126 notissimos
382 3084 509 3126 versus:

770 3144 972 3223 Bithynia
993 3144 1195 3222 quicquid

277 3257 317 3312 et
337 3253 557 3330 pedicator
578 3252 770 3313 Caesaris
792 3269 978 3328 umquam
998 3250 1153 3311 habuit.

185 3383 353 3443 Praetereo
363 3383 501 3443 actiones
515 3383 698 3443 Dolabellae
709 3389 742 3443 et
753 3381 898 3442 Curionis
913 3381 1024 3459 patris,
1036 3381 1069 3441 in
1079 3380 1194 3458 quibus

149 3499 260 3553 aueum
285 3488 450 3549 Dolabella
477 3488 677 3567 paelicem
711 3489 892 3565 reginae,
922 3487 1116 3564 spondam
1143 3487 1196 3545 in-

140 3642 142 3647 .
187 3594 384 3654 terionem
413 3594 548 3669 regiae
580 3594 766 3667 lecticae,
794 3599 828 3653 at
856 3592 950 3653 Curio
986 3592 1195 3652 stabulum

104 3687 106 3691 Α
187 3699 423 3759 Nicomedis
458 3705 499 3759 et
536 3698 801 3776 bithynicum
836 3697 1038 3758 fornicem
1074 3696 1193 3757 dicunt.
