2812 4140
443 274 554 323 ursus
577 273 612 322 11.
651 274 762 322 uivus
786 273 977 323 AUGUSTUS
1067 281 1070 285 ’
1171 263 1212 327 87·

211 445 422 505 enumerantis
447 428 648 520 exprobrant,
672 445 725 503 sed
750 450 788 503 et¹
811 444 878 503 sine
900 450 1027 504 auctore
1053 446 1213 506 notissimi

211 569 319 610 versus
334 573 339 608 :

212 666 304 726 Cum
326 666 496 742 primum
516 665 690 724 istorum
710 664 909 724 conduxit
928 683 1064 725 mensa
1083 666 1215 725 chora·

292 790 386 847 gum,

253 896 403 954 sexque
424 877 518 937 deos
540 876 650 935 vidit
671 875 816 935 Mallia
837 894 988 952 sexque
1009 877 1113 951 deas,
1223 891 1237 936 U

212 982 337 1060 impia
357 982 447 1039 dum
468 980 622 1040 Phoebi
643 981 792 1040 Caesar
813 980 1022 1041 mendacia
1042 980 1161 1057 ludit,

252 1088 341 1145 dum
362 1106 463 1146 nova
483 1086 668 1145 divorum
691 1090 808 1144 cenat
829 1085 1055 1146 adulteria:

213 1192 341 1251 omnia
362 1210 400 1251 se
421 1211 440 1250 a
462 1190 583 1250 terris
605 1195 698 1248 tunc
718 1189 877 1248 numina
897 1191 1162 1266 declinarunt,

254 1296 362 1373 fugit
382 1302 420 1356 et
441 1301 601 1356 auratos
624 1293 812 1371 Iuppiter
833 1293 919 1372 ipse
941 1295 1114 1356 thronos.

190 1445 205 1489 2
253 1429 355 1489 Auxit
370 1449 462 1490 cenae
478 1448 632 1488 rumorem
649 1447 770 1488 summa
787 1434 862 1488 tunc
881 1429 915 1486 in
936 1428 1065 1490 civitate
1086 1431 1256 1509 penuriam

214 1555 250 1595 ac
264 1535 374 1610 fames,
385 1535 658 1611 adclamatumque
673 1539 722 1593 est
736 1533 906 1612 postridie:
926 1553 1034 1595 omne
1053 1535 1220 1595 frumen-

215 1646 294 1699 tum
326 1640 417 1700 deos
450 1640 668 1699 comedisse
700 1645 738 1698 et
766 1639 971 1699 Caesarem
995 1658 1082 1699 esse
1102 1641 1219 1718 plane

216 1745 454 1823 Apollinem,
475 1745 542 1804 sed
565 1746 779 1819 Tortorem,
802 1764 864 1821 quo
886 1744 1069 1820 cognomine
1089 1744 1117 1804 is
1141 1746 1218 1804 deus

216 1851 350 1928 quadam
378 1851 413 1908 in
439 1856 529 1928 parte
557 1849 643 1908 urbis
669 1849 836 1909 colebatur.
878 1851 1015 1909 Notatus
1045 1856 1094 1910 est
1121 1857 1153 1910 et
1183 1856 1220 1910 ut

216 1957 371 2034 pretiosae
394 1955 601 2033 supellectilis
623 1954 920 2031 Corinthiorumque
949 1956 1158 2033 praecupidus
1186 1961 1255 2016 etis

215 2062 301 2121 aleae
316 2061 492 2136 indulgens.
534 2061 618 2120 Nam
632 2065 664 2118 et
679 2059 918 2137 proscriptionis
938 2065 1079 2137 tempore
1100 2061 1140 2121 ad
1160 2067 1220 2121 sta

216 2171 304 2226 tuam
318 2165 384 2226 eius
399 2165 574 2244 ascriptum
592 2170 658 2224 est:

285 2288 405 2347 Pater
439 2286 705 2363 argentarius,
734 2306 802 2362 ego
837 2287 1150 2364 Corinthiarius,
1189 2283 1193 2290 ¹

217 2430 287 2471 cum
302 2410 536 2469 existimaretur
551 2410 703 2485 quosdam
718 2414 848 2486 propter
863 2427 937 2468 vasa
959 2409 1123 2469 Corinthia
1138 2410 1221 2470 inter

217 2516 409 2594 proscriptos
425 2533 549 2573 curasse
564 2514 744 2572 referendos
758 2536 765 2587 3
787 2518 819 2571 et
833 2513 946 2572 deinde
963 2512 1047 2572 bello
1063 2514 1257 2576 Siciliensiao

218 2620 410 2698 epigramma
424 2619 589 2694 vulgatum
603 2624 670 2677 est:

257 2742 471 2817 Postquam
491 2739 552 2799 bis
575 2740 703 2800 classe
725 2740 857 2800 victus
878 2759 997 2800 naves
1021 2741 1210 2818 perdidit,

258 2846 475 2923 aliquando
496 2851 539 2905 ut
561 2846 697 2905 vincat
718 2845 826 2904 ludit
847 2845 1011 2904 assidue
1033 2846 1166 2906 aleam.

174 2991 209 3044 71
258 2978 307 3036 Ex
328 2976 441 3053 quibus
464 2976 530 3036 sive
552 2976 734 3036 criminibus
756 2975 822 3034 sive
850 2974 1028 3034 maledictis
1056 2975 1221 3037 infamiam

219 3081 435 3159 impudicitiae
450 3082 601 3141 facillime
616 3081 770 3140 refutavit
784 3086 816 3140 et
830 3080 1006 3158 praesentis
1026 3085 1058 3140 et
1077 3087 1258 3159 posteraess

126 3264 128 3269 y
219 3188 304 3247 vitae
319 3187 483 3262 castitatc3
505 3187 581 3247 item
595 3186 792 3247 lautitiarum
807 3186 969 3261 invidiam,
985 3205 1056 3246 cum
1077 3193 1110 3246 et
1129 3186 1223 3246 Alex-

219 3293 330 3354 andria
344 3299 437 3371 capta
454 3292 535 3352 nihil
553 3293 613 3352 sibi
634 3298 758 3370 praeter
778 3312 877 3352 unum
898 3293 1073 3352 murrinum
1094 3293 1222 3352 calicem

219 3419 259 3459 ex
278 3399 488 3459 instrumento
509 3398 595 3473 regio
611 3398 777 3458 retinuerit
795 3403 829 3458 et
848 3418 920 3457 mox
939 3417 1015 3459 vasa
1033 3417 1128 3459 aurea
1148 3397 1222 3458 assi-

220 3504 365 3564 duissimi
383 3522 459 3563 usus
479 3503 661 3563 conflaverit
680 3503 792 3563 omnia.
834 3503 925 3564 Circa
942 3504 1090 3563 libidines
1109 3504 1221 3579 haesit,
1260 3526 1263 3533 ¹

221 3615 330 3687 postea
341 3627 473 3686 quoque,
483 3614 519 3668 ut
530 3609 647 3683 ferunt,
658 3608 698 3668 ad
710 3608 868 3668 uitiandas
883 3609 1021 3685 virgines
1037 3609 1260 3686 promptiora,

221 3731 301 3792 quae
315 3714 376 3774 sibi
390 3714 528 3790 undique
543 3714 638 3773 etiam
652 3714 692 3774 ab
706 3733 801 3774 uxore
817 3714 1082 3790 conquirerentur.
1125 3714 1223 3776 Aleae
