2812 4140
205 225 226 288 4
273 237 303 288 C.
330 236 486 288 SUETONI
509 236 737 298 TRANQUILLI
760 236 809 286 Du
834 236 923 287 VITA
948 237 1149 289 CAESARUM

206 409 316 485 Magni
337 409 510 468 Alexandri
538 408 674 485 imagine
696 408 851 485 ingemuit
872 414 905 469 et
928 409 1019 486 quasi
1046 415 1209 488 pertaesus

206 513 364 590 ignaviam
384 532 482 589 suam,
497 513 580 590 quod
602 513 682 571 nihil
701 514 778 572 dum
794 532 813 573 a
830 532 863 573 se
885 514 1085 575 memorabile
1104 521 1209 576 actum

205 624 289 679 esset
320 619 354 678 in
385 624 489 679 aetate
517 637 580 695 qua
610 618 673 678 iam
706 618 886 678 Alexander
917 619 1024 679 orbem
1054 625 1209 680 terrarum

205 723 390 802 subegisset,
419 723 600 784 missionem
628 723 776 783 continuo
803 722 990 801 efflagitavit
1015 725 1057 785 ad
1085 731 1210 803 captan-

180 829 261 890 odas
285 849 380 907 quam
405 830 541 908 primum
571 829 723 889 maiorum
745 848 848 889 rerum
870 829 1046 890 occasiones
1067 829 1101 888 in
1122 829 1206 891 urbe.

204 934 311 995 Etiam
339 935 505 995 confusum
533 954 604 994 eum
633 934 754 994 somnio
782 934 943 1012 proximae
971 935 1232 996 noctis-namu

204 1039 291 1099 visus
310 1046 379 1101 erat
399 1060 455 1119 per
476 1041 615 1117 quietem
636 1046 781 1117 stuprum
799 1040 893 1099 matri
911 1040 1209 1102 intulisse-coice

204 1151 288 1207 tores
308 1146 350 1206 ad
370 1146 598 1223 amplissimam
620 1164 709 1222 spem
730 1145 942 1204 incitaverunt
962 1145 1128 1205 arbitrium
1150 1153 1209 1206 ter·

204 1270 310 1310 rarum
321 1251 405 1311 orbis
420 1251 566 1328 portendi
581 1250 837 1327 interpretantes,
849 1250 974 1327 quando
989 1256 1098 1326 mater,
1113 1270 1207 1328 quam

166 1367 195 1413 10
205 1355 377 1415 subiectam
398 1356 459 1415 sibi
473 1355 615 1430 vidisset,
635 1375 698 1414 non
716 1355 780 1415 alia
801 1360 885 1415 esset
905 1374 1000 1432 quam
1019 1361 1112 1431 terra,
1127 1375 1207 1433 quae

203 1460 344 1520 omnium
361 1480 473 1538 parens
493 1461 670 1520 haberetur.
713 1460 876 1520 Decedens
896 1479 969 1537 ergo
987 1466 1062 1521 ante
1081 1467 1205 1539 tempus
1232 1476 1249 1526 8

102 1621 107 1629 .
204 1566 340 1626 colonias
355 1566 485 1627 Latinas
500 1567 539 1625 de
553 1566 690 1643 petenda
705 1566 834 1625 civitate
847 1566 1004 1642 agitantes
1020 1567 1102 1626 adiit
1116 1573 1149 1628 et
1166 1567 1207 1627 ad

203 1671 381 1732 audendum
405 1671 526 1748 aliquid
548 1672 745 1745 concitasset,
765 1671 827 1729 nisi
849 1671 991 1730 consules
1014 1672 1206 1751 conscriptas

204 1775 237 1835 in
251 1776 395 1836 Ciliciam
411 1777 550 1853 legiones
570 1777 732 1854 paulisper
746 1776 786 1835 ob
800 1775 833 1833 id
852 1775 956 1852 ipsum
970 1776 1184 1837 retinuissent.

165 1897 194 1943 lo
242 1882 310 1941 Nec
330 1900 366 1942 eo
385 1882 483 1949 setius
503 1881 621 1941 maiora
640 1901 711 1939 mox
732 1881 765 1939 in
783 1881 858 1940 urbe
879 1881 1007 1941 molitus
1024 1887 1090 1941 est:
1112 1883 1207 1960 siqui·
1232 1898 1249 1947 9

203 1987 275 2047 dem
293 1992 367 2048 ante
385 2005 500 2065 paucos
522 1986 589 2046 dies
611 2006 705 2063 quam
723 1986 920 2046 aedilitatem
940 1986 1045 2062 iniret,
1065 1987 1153 2049 venit
1173 1988 1206 2046 in

204 2092 414 2171 suspicionem
442 2091 638 2168 conspirasse
667 2111 737 2150 cum
765 2093 873 2151 Marco
901 2092 1015 2152 Crasso
1039 2093 1205 2168 consulari,

203 2197 280 2257 item
293 2197 407 2256 Publio
423 2197 510 2257 Sulla
521 2202 554 2256 et
568 2197 603 2254 L.
617 2196 771 2255 Autronio
786 2202 859 2274 post
873 2197 1123 2273 designationem
1139 2217 1207 2258 con-

203 2303 324 2363 sulatus
340 2301 478 2363 ambitus
497 2301 723 2376 condemnatis,
737 2307 774 2361 ut
793 2302 949 2380 principio
968 2302 1044 2362 anni
1062 2309 1205 2363 senatum

164 2407 401 2468 madorirentur
414 2413 446 2467 et
466 2407 632 2467 trucidatis
647 2426 725 2484 quos
746 2407 898 2485 placitum
913 2414 997 2467 esset
1015 2408 1205 2468 dictaturam

203 2513 334 2572 Crassus
348 2511 521 2586 invaderet,
536 2512 603 2589 ipse
623 2512 663 2572 ab
677 2531 713 2571 eo
728 2512 878 2588 magister
892 2512 1035 2589 equitum
1049 2513 1205 2572 diceretur

203 2617 436 2694 constitutaque
450 2616 490 2676 ad
507 2617 674 2676 arbitrium
689 2636 721 2676 re
739 2617 866 2695 publica
883 2618 989 2677 Sullae
1003 2623 1035 2677 et
1050 2617 1205 2678 Autronio

203 2722 382 2782 consulatus
415 2721 644 2781 restitueretur.
701 2722 914 2782 Meminerant
944 2722 1037 2783 huius
1069 2723 1228 2786 coniurat

202 2828 298 2887 tionis
327 2827 482 2887 Tanusius
512 2826 664 2885 Geminus
693 2827 725 2884 in
750 2828 892 2903 historia,
917 2830 1043 2888 Marcus
1072 2829 1204 2890 Bibulus

163 2933 236 2992 acin
257 2932 378 3007 edictis,
401 2932 433 2992 C.
457 2931 552 2991 Curio
576 2937 666 3008 pater
691 2931 724 2989 in
746 2932 948 2992 orationibus.
991 2935 1039 2994 De
1063 2935 1122 2995 hac
1147 2935 1205 3012 sig-

202 3038 328 3098 nificare
343 3037 468 3097 videtur
488 3042 520 3096 et
542 3037 650 3096 Cicero
672 3037 705 3094 in
723 3038 858 3113 quadam
875 3039 915 3097 ad
931 3039 1047 3098 Axium
1068 3040 1205 3117 epistula

202 3144 341 3202 referens
363 3143 527 3203 Caesarem
551 3142 585 3200 in
606 3143 770 3202 consulatu
793 3143 992 3204 confirmasse
1014 3164 1144 3220 regnum
1165 3145 1204 3204 de

202 3268 264 3325 quo
284 3247 396 3308 aedilis
421 3248 583 3323 cogitarat.
626 3247 782 3307 Tanusius
807 3248 905 3308 adicit
929 3250 1077 3309 Crassum
1101 3249 1205 3328 paeni-

202 3353 303 3413 tentia
328 3353 377 3412 vel
403 3359 490 3412 metu
518 3353 601 3412 diem
627 3353 715 3413 caedi
739 3354 933 3414 destinatum
958 3374 1021 3414 non
1045 3354 1147 3415 obisse
1173 3361 1205 3416 et

162 3459 318 3522 seidoirco
342 3477 381 3518 ne
407 3458 572 3518 Caesarem
595 3458 723 3534 quidem
748 3459 874 3536 signum
898 3459 982 3535 quod
1005 3459 1046 3519 ab
1072 3479 1108 3519 eo
1135 3461 1204 3520 dari
1242 3491 1244 3499 ,

203 3570 390 3626 convenerat
404 3563 545 3637 dedisse3
566 3563 747 3623 convenisse
758 3569 864 3624 autem
879 3563 974 3624 Curio
987 3564 1034 3624 ait
1047 3571 1084 3625 ut
1098 3570 1203 3641 togam

202 3672 240 3732 de
255 3689 362 3729 umero
376 3669 521 3729 deiceret.
564 3669 655 3728 Idem
669 3669 764 3728 Curio
779 3669 833 3728 sed
848 3675 881 3728 et
894 3671 938 3728 M.
956 3668 1102 3730 Actorius
1117 3671 1225 3733 Nasos
