2812 4140
194 215 235 280 76
276 227 307 278 o.
331 226 489 278 sunroru
511 226 737 289 ranrcumur
760 227 810 277 nr
834 227 925 277 vnn
948 179 1150 279 causarum

144 393 149 404 '
191 400 256 460 lam
271 399 384 477 Superi
397 403 430 458 et
444 398 546 458 Inferi
560 398 655 458 maris
673 397 856 474 conlocavit,
872 404 1011 458 ceterum
1028 415 1193 457 numerum

192 503 309 583 partim
323 503 356 562 in
373 503 460 562 urbis
480 502 597 580 partim
611 503 645 561 in
663 503 713 561 sui
733 502 907 562 custodiam
924 501 1044 578 adlegit
1063 501 1194 561 dimissa

193 609 501 686 Calagurritanorum
519 627 621 683 manu,
637 626 732 684 quam
752 626 850 684 usque
868 607 908 667 ad
924 605 1083 666 devictum
1098 606 1194 665 Anto

191 715 288 790 nium,
303 715 380 774 item
403 714 640 789 Germanorum,
655 732 751 790 quam
771 731 870 789 usque
890 712 931 772 ad
945 711 1066 772 cladem
1087 712 1195 772 Varia

167 835 265 881 unam
289 820 372 880 inter
395 819 566 895 armigeros
592 818 674 878 circa
695 837 728 878 se
752 817 912 878 habuerat.
954 817 1066 894 Neque
1087 823 1194 877 tamen

192 944 341 1002 umquam
362 926 468 1003 plures
487 943 583 1002 quam
601 930 666 983 tres
684 923 826 984 cohortes
846 923 880 982 in
900 923 977 983 urbe
995 942 1063 984 esse
1082 942 1193 1002 passus

192 1036 241 1090 est
262 1049 376 1107 easque
401 1030 468 1090 sine
498 1029 619 1105 castris,
643 1029 781 1107 reliquas
806 1030 839 1088 in
863 1029 994 1090 hiberna
1018 1035 1050 1089 et
1073 1029 1194 1089 aestiva

192 1135 274 1196 circa
306 1135 442 1195 finitima
476 1136 593 1213 oppida
631 1135 792 1194 dimittere
828 1141 978 1195 assuerat.
1034 1134 1218 1211 Quidquidr

191 1246 297 1300 autem
323 1240 439 1317 ubique
466 1241 604 1300 militum
632 1246 724 1315 esset,
748 1241 789 1299 ad
817 1245 934 1300 certam
966 1239 1193 1316 stipendiorum

154 1358 182 1403 10
191 1344 462 1423 praemiorumque
480 1345 648 1404 formulam
666 1345 847 1420 adstrinxit,
862 1344 1000 1404 definitis
1019 1362 1076 1422 pro
1095 1343 1194 1420 gradu

191 1451 341 1527 cuiusque
355 1456 388 1510 et
404 1450 598 1528 temporibus
616 1449 749 1509 militiae
764 1455 796 1509 et
809 1450 980 1509 commodis
1000 1449 1193 1525 missionum,

190 1574 230 1614 ne
250 1562 306 1615 aut
329 1561 433 1616 aetate
457 1560 513 1615 aut
537 1554 644 1632 inopia
668 1560 741 1632 post
765 1555 946 1615 missionem
968 1553 1132 1614 sollicitari
1153 1554 1193 1613 ad

192 1679 240 1720 res
262 1679 359 1720 novas
381 1665 518 1739 possent.
561 1661 670 1737 thue
693 1665 845 1738 perpetuo
867 1679 903 1720 ac
925 1660 992 1720 sine
1009 1659 1193 1731 difficultate

192 1772 336 1844 sumptus
363 1759 414 1826 ad'
432 1765 565 1825 tuendos
595 1784 647 1824 eos
676 1765 971 1842 prosequendosque
1002 1769 1193 1843 suppeteret,

153 1888 181 1934 15
190 1872 345 1931 aerarium
360 1870 496 1931 militare
511 1889 582 1930 cum
595 1869 802 1946 vectigalibus
816 1870 906 1929 novis
921 1869 1093 1930 constituit.

230 1978 273 2035 Et
287 1996 348 2054 quo
363 1976 495 2036 celerius
509 1994 545 2035 ac
560 1975 618 2034 sub
639 1994 767 2035 manum
787 1975 969 2035 adnuntiari
989 1975 1218 2053 cognosciquea

191 2087 298 2158 posset
312 2081 389 2170 quid
404 2081 436 2139 in
451 2080 613 2157 provincia
627 2100 750 2158 quaque
765 2086 934 2157 gereretur,
949 2080 1077 2139 iuvenes
1092 2080 1194 2157 primo
1274 2094 1276 2099 ·

191 2186 322 2246 modicis
337 2185 514 2245 intervallis
529 2204 586 2262 per
600 2185 748 2245 militaris
762 2186 840 2260 vias,
852 2185 965 2245 dehinc
976 2185 1120 2245 vehicula
1134 2185 1195 2244 dis·

165 2272 170 2285 ⁹
191 2291 305 2370 posuit.
342 2291 543 2351 Commodius
558 2290 591 2350 id
606 2291 710 2349 visum
725 2297 783 2365 est,
795 2296 832 2350 ut
846 2290 901 2368 qui
914 2310 933 2350 a
947 2290 1015 2350 loco
1029 2290 1113 2349 idem
1127 2308 1195 2366 per-

151 2397 299 2457 aoferunt
319 2396 453 2470 litteras,
475 2395 662 2471 interrogari
684 2415 816 2473 quoque,
839 2396 866 2454 si
887 2395 964 2472 quid
985 2413 1034 2455 res
1056 2393 1193 2470 exigant,

119 2500 122 2513 '
190 2502 322 2581 possint.

231 2609 270 2668 In
284 2607 510 2687 diplomatibus
524 2607 704 2685 libellisque
718 2613 751 2667 et
765 2606 911 2685 epistulis
926 2606 1087 2683 signandis
1102 2605 1194 2666 initio
1216 2613 1253 2665 50

123 2702 128 2709 ’
191 2697 323 2791 sphinge
345 2732 420 2773 usus
441 2707 499 2788 est,
515 2732 587 2772 mox
608 2713 743 2787 imagine
765 2713 874 2788 Magni
895 2712 1078 2788 Alexandri,
1093 2711 1195 2771 novis·

191 2819 269 2878 sime
284 2837 348 2894 sua,
364 2817 560 2877 Dioscuridis
583 2836 677 2877 manu
699 2818 829 2895 scalpta,
844 2837 907 2895 qua
921 2818 1045 2894 signare
1059 2816 1193 2877 insecuti

150 2939 313 3008 atquoque
341 2923 500 3001 principes
529 2929 778 3001 perseverarunt.
834 2924 886 2983 Ad
911 2923 1063 3002 epistulas
1091 2922 1192 2982 omnis

190 3029 336 3089 horarum
357 3044 481 3105 quoque
503 3034 660 3088 momenta
680 3047 738 3088 nec
758 3028 822 3088 diei
843 3029 936 3088 modo
956 3029 1011 3090 sed
1031 3033 1063 3088 et
1081 3028 1192 3104 noctis,

190 3134 304 3211 quibus
318 3135 410 3195 datae
425 3133 686 3209 significarentur,
701 3134 845 3194 addebat.

231 3239 423 3299 Clementiae
448 3238 674 3316 ciuilitatisque
699 3239 765 3299 eius
791 3241 891 3301 multa
912 3247 945 3301 et
967 3261 1080 3319 magna
1103 3242 1194 3301 docu·
1215 3253 1249 3303 51

191 3351 296 3405 menta
324 3349 406 3404 sunt.
449 3345 498 3404 Ne
524 3363 703 3404 enumerem
730 3352 807 3422 quot
835 3351 867 3406 et
891 3366 968 3423 quos
997 3347 1192 3407 diversarum

150 3450 329 3528 aopartium
343 3450 437 3510 venia
457 3454 489 3509 et
509 3449 725 3510 incolumitate
746 3450 878 3511 donatos
900 3452 1076 3529 prinoipem
1096 3453 1193 3512 etiam

190 3556 224 3615 in
238 3555 367 3616 civitate
386 3555 489 3613 locum
506 3558 612 3614 tenere
627 3573 739 3632 passus
755 3555 814 3615 sit:
837 3556 965 3615 Iunium
985 3557 1146 3617 Novatum
1160 3563 1192 3616 et

189 3661 334 3722 Cassium
357 3659 548 3731 Patauinum
569 3676 586 3718 e
608 3658 700 3737 plebe
724 3659 867 3721 homines
891 3661 1027 3721 alterum
1050 3661 1192 3739 pecunia,
