<?xml version="1.0" encoding="UTF-8"?>
<!DOCTYPE html PUBLIC "-//W3C//DTD XHTML 1.0 Transitional//EN"
    "http://www.w3.org/TR/xhtml1/DTD/xhtml1-transitional.dtd">
<html xmlns="http://www.w3.org/1999/xhtml" xml:lang="en" lang="en">
 <head>
  <title>
</title>
<meta http-equiv="Content-Type" content="text/html;charset=utf-8" />
  <meta name='ocr-system' content='tesseract 3.04.00' />
  <meta name='ocr-capabilities' content='ocr_page ocr_carea ocr_par ocr_line ocrx_word'/>
</head>
<body>
  <div class='ocr_page' id='page_1' title='image "./gaisuetonitranq00suetgoog_0103.png"; bbox 0 0 2812 4140; ppageno 0'>
   <div class='ocr_carea' id='block_1_1' title="bbox 205 240 1164 313">
    <p class='ocr_par' dir='ltr' id='par_1_1' title="bbox 205 240 1164 313">
     <span class='ocr_line' id='line_1_1' title="bbox 205 240 1164 313; baseline 0.003 -11"><span class='ocrx_word' id='word_1_1' title='bbox 205 240 248 302; x_wconf 79' lang='lat'><strong>44</strong></span> <span class='ocrx_word' id='word_1_2' title='bbox 289 251 320 303; x_wconf 84' lang='lat' dir='ltr'><strong>C.</strong></span> <span class='ocrx_word' id='word_1_3' title='bbox 345 249 501 304; x_wconf 73' lang='lat' dir='ltr'><strong>SUB&#39;I&#39;ONI</strong></span> <span class='ocrx_word' id='word_1_4' title='bbox 524 250 750 313; x_wconf 80' lang='lat' dir='ltr'><strong>TRANQUILLI</strong></span> <span class='ocrx_word' id='word_1_5' title='bbox 774 252 823 303; x_wconf 83' lang='lat' dir='ltr'><strong>DE</strong></span> <span class='ocrx_word' id='word_1_6' title='bbox 847 253 938 304; x_wconf 80' lang='lat' dir='ltr'>VITA</span> <span class='ocrx_word' id='word_1_7' title='bbox 962 253 1164 305; x_wconf 74' lang='lat' dir='ltr'>CAESARUM</span> 
     </span>
    </p>
   </div>
   <div class='ocr_carea' id='block_1_2' title="bbox 164 422 1265 3656">
    <p class='ocr_par' dir='ltr' id='par_1_2' title="bbox 169 422 1232 1554">
     <span class='ocr_line' id='line_1_2' title="bbox 206 422 1208 505; baseline 0.004 -22"><span class='ocrx_word' id='word_1_8' title='bbox 206 422 286 483; x_wconf 91' lang='lat' dir='ltr'><strong>cella</strong></span> <span class='ocrx_word' id='word_1_9' title='bbox 306 440 443 484; x_wconf 89' lang='lat' dir='ltr'><strong>cremare</strong></span> <span class='ocrx_word' id='word_1_10' title='bbox 464 441 537 501; x_wconf 89' lang='lat' dir='ltr'><strong>pars</strong></span> <span class='ocrx_word' id='word_1_11' title='bbox 559 423 594 482; x_wconf 93' lang='lat' dir='ltr'><strong>in</strong></span> <span class='ocrx_word' id='word_1_12' title='bbox 614 423 700 484; x_wconf 87' lang='lat' dir='ltr'><strong>curia</strong></span> <span class='ocrx_word' id='word_1_13' title='bbox 720 424 853 502; x_wconf 89' lang='lat' dir='ltr'><strong>Pompei</strong></span> <span class='ocrx_word' id='word_1_14' title='bbox 873 425 1056 502; x_wconf 89' lang='lat' dir='ltr'><strong>destinaret,</strong></span> <span class='ocrx_word' id='word_1_15' title='bbox 1078 432 1208 505; x_wconf 86' lang='lat' dir='ltr'><strong>repente</strong></span> 
     </span>
     <span class='ocr_line' id='line_1_3' title="bbox 205 527 1207 613; baseline 0.004 -26"><span class='ocrx_word' id='word_1_16' title='bbox 205 527 268 587; x_wconf 91' lang='lat' dir='ltr'><strong>duo</strong></span> <span class='ocrx_word' id='word_1_17' title='bbox 288 527 417 604; x_wconf 89' lang='lat' dir='ltr'><strong>quidam</strong></span> <span class='ocrx_word' id='word_1_18' title='bbox 438 527 551 605; x_wconf 88' lang='lat' dir='ltr'><strong>gladiis</strong></span> <span class='ocrx_word' id='word_1_19' title='bbox 577 528 729 588; x_wconf 78' lang='lat' dir='ltr'><strong>succincti</strong></span> <span class='ocrx_word' id='word_1_20' title='bbox 755 548 792 589; x_wconf 89' lang='lat' dir='ltr'><strong>ac</strong></span> <span class='ocrx_word' id='word_1_21' title='bbox 818 529 893 590; x_wconf 90' lang='lat' dir='ltr'><strong>bina</strong></span> <span class='ocrx_word' id='word_1_22' title='bbox 920 530 1022 613; x_wconf 69' lang='lat' dir='ltr'><strong>iaqula</strong></span> <span class='ocrx_word' id='word_1_23' title='bbox 1048 538 1207 607; x_wconf 74' lang='lat' dir='ltr'><strong>gestantes</strong></span> 
     </span>
     <span class='ocr_line' id='line_1_4' title="bbox 205 632 1209 712; baseline 0.002 -18"><span class='ocrx_word' id='word_1_24' title='bbox 205 632 388 694; x_wconf 81' lang='lat' dir='ltr'><strong>ardentibus</strong></span> <span class='ocrx_word' id='word_1_25' title='bbox 403 633 500 693; x_wconf 90' lang='lat' dir='ltr'><strong>cereis</strong></span> <span class='ocrx_word' id='word_1_26' title='bbox 515 633 742 693; x_wconf 86' lang='lat' dir='ltr'><strong>succenderunt</strong></span> <span class='ocrx_word' id='word_1_27' title='bbox 760 634 990 712; x_wconf 82' lang='lat' dir='ltr'><strong>confestimque</strong></span> <span class='ocrx_word' id='word_1_28' title='bbox 1009 635 1209 697; x_wconf 88' lang='lat' dir='ltr'><strong>circumstan-</strong></span> 
     </span>
     <span class='ocr_line' id='line_1_5' title="bbox 206 737 1207 818; baseline 0.004 -20"><span class='ocrx_word' id='word_1_29' title='bbox 206 739 288 798; x_wconf 92' lang='lat' dir='ltr'><strong>tium</strong></span> <span class='ocrx_word' id='word_1_30' title='bbox 308 737 401 798; x_wconf 89' lang='lat' dir='ltr'><strong>turba</strong></span> <span class='ocrx_word' id='word_1_31' title='bbox 421 737 560 815; x_wconf 84' lang='lat' dir='ltr'><strong>virgulta</strong></span> <span class='ocrx_word' id='word_1_32' title='bbox 583 738 672 798; x_wconf 91' lang='lat' dir='ltr'><strong>arida</strong></span> <span class='ocrx_word' id='word_1_33' title='bbox 699 745 823 799; x_wconf 88' lang='lat' dir='ltr'><strong>etcum</strong></span> <span class='ocrx_word' id='word_1_34' title='bbox 845 739 1003 799; x_wconf 85' lang='lat' dir='ltr'><strong>subselliis</strong></span> <span class='ocrx_word' id='word_1_35' title='bbox 1028 741 1207 818; x_wconf 85' lang='lat' dir='ltr'><strong>tribunalia,</strong></span> 
     </span>
     <span class='ocr_line' id='line_1_6' title="bbox 182 843 1232 922; baseline 0.004 -19"><span class='ocrx_word' id='word_1_36' title='bbox 182 843 357 921; x_wconf 83' lang='lat' dir='ltr'><strong>squicquid</strong></span> <span class='ocrx_word' id='word_1_37' title='bbox 371 850 533 922; x_wconf 77' lang='lat' dir='ltr'><strong>praeterea</strong></span> <span class='ocrx_word' id='word_1_38' title='bbox 545 843 586 903; x_wconf 86' lang='lat' dir='ltr'><strong>ad</strong></span> <span class='ocrx_word' id='word_1_39' title='bbox 607 843 723 903; x_wconf 90' lang='lat' dir='ltr'><strong>donum</strong></span> <span class='ocrx_word' id='word_1_40' title='bbox 744 845 863 920; x_wconf 84' lang='lat' dir='ltr'><strong>aderat,</strong></span> <span class='ocrx_word' id='word_1_41' title='bbox 878 846 1043 921; x_wconf 90' lang='lat' dir='ltr'><strong>congessit.</strong></span> <span class='ocrx_word' id='word_1_42' title='bbox 1085 847 1232 907; x_wconf 77' lang='lat' dir='ltr'><strong>Deindes</strong></span> 
     </span>
     <span class='ocr_line' id='line_1_7' title="bbox 206 948 1209 1027; baseline 0.002 -19"><span class='ocrx_word' id='word_1_43' title='bbox 206 948 351 1009; x_wconf 88' lang='lat' dir='ltr'><strong>tibicines</strong></span> <span class='ocrx_word' id='word_1_44' title='bbox 380 954 413 1009; x_wconf 89' lang='lat' dir='ltr'><strong>et</strong></span> <span class='ocrx_word' id='word_1_45' title='bbox 440 948 574 1009; x_wconf 84' lang='lat' dir='ltr'><strong>scaenici</strong></span> <span class='ocrx_word' id='word_1_46' title='bbox 601 949 738 1008; x_wconf 91' lang='lat' dir='ltr'><strong>artifices</strong></span> <span class='ocrx_word' id='word_1_47' title='bbox 760 954 889 1024; x_wconf 87' lang='lat' dir='ltr'><strong>vestem,</strong></span> <span class='ocrx_word' id='word_1_48' title='bbox 912 968 1006 1027; x_wconf 88' lang='lat' dir='ltr'><strong>quam</strong></span> <span class='ocrx_word' id='word_1_49' title='bbox 1034 970 1072 1010; x_wconf 88' lang='lat' dir='ltr'><strong>ex</strong></span> <span class='ocrx_word' id='word_1_50' title='bbox 1100 951 1209 1010; x_wconf 90' lang='lat' dir='ltr'><strong>trium-</strong></span> 
     </span>
     <span class='ocr_line' id='line_1_8' title="bbox 206 1055 1206 1134; baseline 0.004 -19"><span class='ocrx_word' id='word_1_51' title='bbox 206 1055 341 1134; x_wconf 88' lang='lat' dir='ltr'><strong>phorum</strong></span> <span class='ocrx_word' id='word_1_52' title='bbox 368 1056 579 1118; x_wconf 90' lang='lat' dir='ltr'><strong>instrumento</strong></span> <span class='ocrx_word' id='word_1_53' title='bbox 605 1056 646 1115; x_wconf 92' lang='lat' dir='ltr'><strong>ad</strong></span> <span class='ocrx_word' id='word_1_54' title='bbox 674 1060 871 1133; x_wconf 83' lang='lat' dir='ltr'><strong>praesentem</strong></span> <span class='ocrx_word' id='word_1_55' title='bbox 903 1075 995 1116; x_wconf 91' lang='lat' dir='ltr'><strong>usum</strong></span> <span class='ocrx_word' id='word_1_56' title='bbox 1029 1058 1206 1134; x_wconf 89' lang='lat' dir='ltr'><strong>induerant,</strong></span> 
     </span>
     <span class='ocr_line' id='line_1_9' title="bbox 206 1160 1208 1238; baseline 0.004 -18"><span class='ocrx_word' id='word_1_57' title='bbox 206 1160 381 1222; x_wconf 86' lang='lat' dir='ltr'><strong>detractam</strong></span> <span class='ocrx_word' id='word_1_58' title='bbox 398 1160 459 1221; x_wconf 91' lang='lat' dir='ltr'><strong>sibi</strong></span> <span class='ocrx_word' id='word_1_59' title='bbox 472 1166 568 1238; x_wconf 87' lang='lat' dir='ltr'><strong>atqua</strong></span> <span class='ocrx_word' id='word_1_60' title='bbox 582 1160 748 1220; x_wconf 91' lang='lat' dir='ltr'><strong>discissam</strong></span> <span class='ocrx_word' id='word_1_61' title='bbox 768 1160 901 1221; x_wconf 91' lang='lat' dir='ltr'><strong>iniecere</strong></span> <span class='ocrx_word' id='word_1_62' title='bbox 921 1161 1066 1222; x_wconf 86' lang='lat' dir='ltr'><strong>flammae</strong></span> <span class='ocrx_word' id='word_1_63' title='bbox 1079 1169 1112 1222; x_wconf 88' lang='lat' dir='ltr'><strong>et</strong></span> <span class='ocrx_word' id='word_1_64' title='bbox 1126 1169 1208 1224; x_wconf 75' lang='lat' dir='ltr'><strong>vete</strong></span> 
     </span>
     <span class='ocr_line' id='line_1_10' title="bbox 206 1266 1206 1343; baseline 0.001 -16"><span class='ocrx_word' id='word_1_65' title='bbox 206 1285 353 1327; x_wconf 88' lang='lat' dir='ltr'><strong>ranorum</strong></span> <span class='ocrx_word' id='word_1_66' title='bbox 364 1266 500 1326; x_wconf 91' lang='lat' dir='ltr'><strong>militum</strong></span> <span class='ocrx_word' id='word_1_67' title='bbox 509 1266 673 1342; x_wconf 89' lang='lat' dir='ltr'><strong>legionarii</strong></span> <span class='ocrx_word' id='word_1_68' title='bbox 683 1285 770 1326; x_wconf 90' lang='lat' dir='ltr'><strong>arma</strong></span> <span class='ocrx_word' id='word_1_69' title='bbox 781 1284 846 1341; x_wconf 91' lang='lat' dir='ltr'><strong>sua,</strong></span> <span class='ocrx_word' id='word_1_70' title='bbox 858 1266 971 1343; x_wconf 90' lang='lat' dir='ltr'><strong>quibus</strong></span> <span class='ocrx_word' id='word_1_71' title='bbox 982 1267 1100 1328; x_wconf 85' lang='lat' dir='ltr'><strong>exculti</strong></span> <span class='ocrx_word' id='word_1_72' title='bbox 1111 1269 1206 1328; x_wconf 87' lang='lat' dir='ltr'><strong>funus</strong></span> 
     </span>
     <span class='ocr_line' id='line_1_11' title="bbox 169 1370 1206 1450; baseline 0 -16"><span class='ocrx_word' id='word_1_73' title='bbox 169 1370 421 1447; x_wconf 82' lang='lat' dir='ltr'><strong>rocelebrabant3</strong></span> <span class='ocrx_word' id='word_1_74' title='bbox 449 1376 609 1431; x_wconf 85' lang='lat' dir='ltr'><strong>matronae</strong></span> <span class='ocrx_word' id='word_1_75' title='bbox 630 1370 726 1431; x_wconf 89' lang='lat' dir='ltr'><strong>etiam</strong></span> <span class='ocrx_word' id='word_1_76' title='bbox 748 1371 915 1448; x_wconf 76' lang='lat' dir='ltr'><strong>pleraeque</strong></span> <span class='ocrx_word' id='word_1_77' title='bbox 937 1378 1120 1432; x_wconf 87' lang='lat' dir='ltr'><strong>ornamenta</strong></span> <span class='ocrx_word' id='word_1_78' title='bbox 1141 1391 1206 1450; x_wconf 90' lang='lat' dir='ltr'><strong>sua,</strong></span> 
     </span>
     <span class='ocr_line' id='line_1_12' title="bbox 206 1475 1125 1554; baseline 0.002 -18"><span class='ocrx_word' id='word_1_79' title='bbox 206 1495 287 1554; x_wconf 89' lang='lat' dir='ltr'><strong>quae</strong></span> <span class='ocrx_word' id='word_1_80' title='bbox 300 1476 459 1554; x_wconf 78' lang='lat' dir='ltr'><strong>gerebant,</strong></span> <span class='ocrx_word' id='word_1_81' title='bbox 474 1482 507 1536; x_wconf 91' lang='lat' dir='ltr'><strong>et</strong></span> <span class='ocrx_word' id='word_1_82' title='bbox 520 1476 688 1536; x_wconf 88' lang='lat' dir='ltr'><strong>liberorum</strong></span> <span class='ocrx_word' id='word_1_83' title='bbox 704 1475 806 1536; x_wconf 88' lang='lat' dir='ltr'><strong>bullas</strong></span> <span class='ocrx_word' id='word_1_84' title='bbox 823 1482 919 1554; x_wconf 87' lang='lat' dir='ltr'><strong>atque</strong></span> <span class='ocrx_word' id='word_1_85' title='bbox 936 1483 1125 1554; x_wconf 86' lang='lat' dir='ltr'><strong>praetextas.</strong></span> 
     </span>
    </p>

    <p class='ocr_par' dir='ltr' id='par_1_3' title="bbox 207 1581 1231 1870">
     <span class='ocr_line' id='line_1_13' title="bbox 247 1581 1231 1659; baseline 0.003 -19"><span class='ocrx_word' id='word_1_86' title='bbox 247 1582 288 1640; x_wconf 94' lang='lat' dir='ltr'><strong>In</strong></span> <span class='ocrx_word' id='word_1_87' title='bbox 301 1600 423 1641; x_wconf 90' lang='lat' dir='ltr'><strong>summo</strong></span> <span class='ocrx_word' id='word_1_88' title='bbox 440 1581 566 1659; x_wconf 92' lang='lat' dir='ltr'><strong>publico</strong></span> <span class='ocrx_word' id='word_1_89' title='bbox 579 1581 667 1641; x_wconf 91' lang='lat' dir='ltr'><strong>luctu</strong></span> <span class='ocrx_word' id='word_1_90' title='bbox 682 1587 860 1641; x_wconf 82' lang='lat' dir='ltr'><strong>exterarum</strong></span> <span class='ocrx_word' id='word_1_91' title='bbox 878 1582 1019 1657; x_wconf 90' lang='lat' dir='ltr'><strong>gentium</strong></span> <span class='ocrx_word' id='word_1_92' title='bbox 1037 1583 1231 1643; x_wconf 79' lang='lat' dir='ltr'><strong>multitudot</strong></span> 
     </span>
     <span class='ocr_line' id='line_1_14' title="bbox 207 1686 1208 1765; baseline 0.002 -19"><span class='ocrx_word' id='word_1_93' title='bbox 207 1686 382 1747; x_wconf 82' lang='lat' dir='ltr'><strong>circulatim</strong></span> <span class='ocrx_word' id='word_1_94' title='bbox 397 1705 453 1746; x_wconf 94' lang='lat' dir='ltr'><strong>suo</strong></span> <span class='ocrx_word' id='word_1_95' title='bbox 467 1705 608 1762; x_wconf 89' lang='lat' dir='ltr'><strong>quaeque</strong></span> <span class='ocrx_word' id='word_1_96' title='bbox 624 1706 708 1746; x_wconf 89' lang='lat' dir='ltr'><strong>more</strong></span> <span class='ocrx_word' id='word_1_97' title='bbox 723 1687 895 1746; x_wconf 86' lang='lat' dir='ltr'><strong>lamentata</strong></span> <span class='ocrx_word' id='word_1_98' title='bbox 909 1692 958 1746; x_wconf 93' lang='lat' dir='ltr'><strong>est</strong></span> <span class='ocrx_word' id='word_1_99' title='bbox 978 1688 1208 1765; x_wconf 90' lang='lat' dir='ltr'><strong>praecipueque</strong></span> 
     </span>
     <span class='ocr_line' id='line_1_15' title="bbox 207 1790 1208 1870; baseline 0.003 -20"><span class='ocrx_word' id='word_1_100' title='bbox 207 1791 327 1868; x_wconf 84' lang='lat' dir='ltr'><strong>Iudaei,</strong></span> <span class='ocrx_word' id='word_1_101' title='bbox 342 1791 397 1868; x_wconf 91' lang='lat' dir='ltr'><strong>qui</strong></span> <span class='ocrx_word' id='word_1_102' title='bbox 418 1791 514 1851; x_wconf 89' lang='lat' dir='ltr'><strong>etiam</strong></span> <span class='ocrx_word' id='word_1_103' title='bbox 535 1790 680 1850; x_wconf 91' lang='lat' dir='ltr'><strong>noctibus</strong></span> <span class='ocrx_word' id='word_1_104' title='bbox 702 1791 859 1851; x_wconf 91' lang='lat' dir='ltr'><strong>continuis</strong></span> <span class='ocrx_word' id='word_1_105' title='bbox 880 1791 1009 1851; x_wconf 90' lang='lat' dir='ltr'><strong>bustum</strong></span> <span class='ocrx_word' id='word_1_106' title='bbox 1030 1792 1208 1870; x_wconf 79' lang='lat' dir='ltr'><strong>frequenta·</strong></span> 
     </span>
    </p>

    <p class='ocr_par' dir='ltr' id='par_1_4' title="bbox 168 1902 289 1956">
     <span class='ocr_line' id='line_1_16' title="bbox 168 1902 289 1956; baseline 0 0"><span class='ocrx_word' id='word_1_107' title='bbox 168 1909 198 1956; x_wconf 79' lang='lat'><strong>15</strong></span> <span class='ocrx_word' id='word_1_108' title='bbox 207 1902 289 1956; x_wconf 87' lang='lat' dir='ltr'><strong>runt</strong></span> 
     </span>
    </p>

    <p class='ocr_par' dir='ltr' id='par_1_5' title="bbox 207 2000 1265 2396">
     <span class='ocr_line' id='line_1_17' title="bbox 246 2000 1265 2089; baseline 0.001 -27"><span class='ocrx_word' id='word_1_109' title='bbox 246 2000 341 2062; x_wconf 88' lang='lat' dir='ltr'><strong>Plebs</strong></span> <span class='ocrx_word' id='word_1_110' title='bbox 363 2002 472 2089; x_wconf 88' lang='lat' dir='ltr'><strong>statim</strong></span> <span class='ocrx_word' id='word_1_111' title='bbox 492 2019 512 2062; x_wconf 90' lang='lat' dir='ltr'><strong>a</strong></span> <span class='ocrx_word' id='word_1_112' title='bbox 532 2002 643 2061; x_wconf 85' lang='lat' dir='ltr'><strong>funere</strong></span> <span class='ocrx_word' id='word_1_113' title='bbox 664 2002 704 2061; x_wconf 87' lang='lat' dir='ltr'><strong>ad</strong></span> <span class='ocrx_word' id='word_1_114' title='bbox 725 2003 852 2061; x_wconf 92' lang='lat' dir='ltr'><strong>domum</strong></span> <span class='ocrx_word' id='word_1_115' title='bbox 874 2003 966 2062; x_wconf 85' lang='lat' dir='ltr'><strong>Bruti</strong></span> <span class='ocrx_word' id='word_1_116' title='bbox 988 2008 1020 2063; x_wconf 92' lang='lat' dir='ltr'><strong>et</strong></span> <span class='ocrx_word' id='word_1_117' title='bbox 1034 2003 1123 2064; x_wconf 85' lang='lat' dir='ltr'><strong>Cassi</strong></span> <span class='ocrx_word' id='word_1_118' title='bbox 1137 2023 1208 2064; x_wconf 89' lang='lat' dir='ltr'><strong>cum</strong></span> <span class='ocrx_word' id='word_1_119' title='bbox 1230 2011 1265 2063; x_wconf 81' lang='lat' dir='ltr'><strong>st</strong></span> 
     </span>
     <span class='ocr_line' id='line_1_18' title="bbox 207 2107 1207 2185; baseline 0.001 -18"><span class='ocrx_word' id='word_1_120' title='bbox 207 2107 329 2168; x_wconf 83' lang='lat' dir='ltr'><strong>facibus</strong></span> <span class='ocrx_word' id='word_1_121' title='bbox 344 2107 482 2167; x_wconf 90' lang='lat' dir='ltr'><strong>tetendit</strong></span> <span class='ocrx_word' id='word_1_122' title='bbox 494 2112 590 2183; x_wconf 89' lang='lat' dir='ltr'><strong>atque</strong></span> <span class='ocrx_word' id='word_1_123' title='bbox 603 2126 695 2182; x_wconf 89' lang='lat' dir='ltr'><strong>aegre</strong></span> <span class='ocrx_word' id='word_1_124' title='bbox 711 2107 837 2185; x_wconf 88' lang='lat' dir='ltr'><strong>repulsa</strong></span> <span class='ocrx_word' id='word_1_125' title='bbox 847 2107 973 2167; x_wconf 89' lang='lat' dir='ltr'><strong>obvium</strong></span> <span class='ocrx_word' id='word_1_126' title='bbox 984 2107 1044 2167; x_wconf 91' lang='lat' dir='ltr'><strong>sibi</strong></span> <span class='ocrx_word' id='word_1_127' title='bbox 1056 2109 1207 2168; x_wconf 91' lang='lat' dir='ltr'><strong>Helvium</strong></span> 
     </span>
     <span class='ocr_line' id='line_1_19' title="bbox 207 2211 1207 2290; baseline 0.001 -17"><span class='ocrx_word' id='word_1_128' title='bbox 207 2212 340 2274; x_wconf 83' lang='lat' dir='ltr'><strong>Cinnam</strong></span> <span class='ocrx_word' id='word_1_129' title='bbox 361 2231 417 2290; x_wconf 89' lang='lat' dir='ltr'><strong>per</strong></span> <span class='ocrx_word' id='word_1_130' title='bbox 438 2230 574 2272; x_wconf 87' lang='lat' dir='ltr'><strong>errorem</strong></span> <span class='ocrx_word' id='word_1_131' title='bbox 595 2211 741 2286; x_wconf 90' lang='lat' dir='ltr'><strong>nominis,</strong></span> <span class='ocrx_word' id='word_1_132' title='bbox 763 2212 853 2288; x_wconf 90' lang='lat' dir='ltr'><strong>quasi</strong></span> <span class='ocrx_word' id='word_1_133' title='bbox 881 2213 1044 2272; x_wconf 86' lang='lat' dir='ltr'><strong>Cornelius</strong></span> <span class='ocrx_word' id='word_1_134' title='bbox 1065 2214 1092 2272; x_wconf 90' lang='lat' dir='ltr'><strong>is</strong></span> <span class='ocrx_word' id='word_1_135' title='bbox 1114 2220 1207 2290; x_wconf 89' lang='lat' dir='ltr'><strong>esset,</strong></span> 
     </span>
     <span class='ocr_line' id='line_1_20' title="bbox 207 2316 1206 2396; baseline 0.002 -19"><span class='ocrx_word' id='word_1_136' title='bbox 207 2337 300 2396; x_wconf 89' lang='lat' dir='ltr'><strong>quem</strong></span> <span class='ocrx_word' id='word_1_137' title='bbox 314 2317 453 2394; x_wconf 86' lang='lat' dir='ltr'><strong>graviter</strong></span> <span class='ocrx_word' id='word_1_138' title='bbox 466 2317 569 2394; x_wconf 85' lang='lat' dir='ltr'><strong>pridie</strong></span> <span class='ocrx_word' id='word_1_139' title='bbox 584 2316 799 2376; x_wconf 90' lang='lat' dir='ltr'><strong>contionatum</strong></span> <span class='ocrx_word' id='word_1_140' title='bbox 813 2317 852 2375; x_wconf 89' lang='lat' dir='ltr'><strong>de</strong></span> <span class='ocrx_word' id='word_1_141' title='bbox 866 2317 997 2377; x_wconf 84' lang='lat' dir='ltr'><strong>Caesare</strong></span> <span class='ocrx_word' id='word_1_142' title='bbox 1019 2319 1206 2395; x_wconf 89' lang='lat' dir='ltr'><strong>requirebat,</strong></span> 
     </span>
    </p>

    <p class='ocr_par' dir='ltr' id='par_1_6' title="bbox 166 2421 1206 3025">
     <span class='ocr_line' id='line_1_21' title="bbox 166 2421 1205 2501; baseline 0.001 -18"><span class='ocrx_word' id='word_1_143' title='bbox 166 2423 322 2483; x_wconf 75' lang='lat' dir='ltr'><strong>accccidit</strong></span> <span class='ocrx_word' id='word_1_144' title='bbox 356 2428 512 2501; x_wconf 88' lang='lat' dir='ltr'><strong>caputque</strong></span> <span class='ocrx_word' id='word_1_145' title='bbox 550 2422 616 2481; x_wconf 92' lang='lat' dir='ltr'><strong>eius</strong></span> <span class='ocrx_word' id='word_1_146' title='bbox 652 2421 826 2499; x_wconf 87' lang='lat' dir='ltr'><strong>praefixum</strong></span> <span class='ocrx_word' id='word_1_147' title='bbox 860 2421 968 2482; x_wconf 89' lang='lat' dir='ltr'><strong>hastae</strong></span> <span class='ocrx_word' id='word_1_148' title='bbox 1004 2423 1205 2484; x_wconf 90' lang='lat' dir='ltr'><strong>circumtulit.</strong></span> 
     </span>
     <span class='ocr_line' id='line_1_22' title="bbox 205 2526 1206 2606; baseline 0.001 -19"><span class='ocrx_word' id='word_1_149' title='bbox 205 2529 321 2589; x_wconf 88' lang='lat' dir='ltr'><strong>Postea</strong></span> <span class='ocrx_word' id='word_1_150' title='bbox 342 2527 475 2588; x_wconf 91' lang='lat' dir='ltr'><strong>solidam</strong></span> <span class='ocrx_word' id='word_1_151' title='bbox 497 2527 674 2587; x_wconf 90' lang='lat' dir='ltr'><strong>columnam</strong></span> <span class='ocrx_word' id='word_1_152' title='bbox 695 2545 792 2603; x_wconf 89' lang='lat' dir='ltr'><strong>prope</strong></span> <span class='ocrx_word' id='word_1_153' title='bbox 814 2526 929 2603; x_wconf 89' lang='lat' dir='ltr'><strong>viginti</strong></span> <span class='ocrx_word' id='word_1_154' title='bbox 950 2528 1065 2604; x_wconf 91' lang='lat' dir='ltr'><strong>pedum</strong></span> <span class='ocrx_word' id='word_1_155' title='bbox 1091 2529 1206 2606; x_wconf 91' lang='lat' dir='ltr'><strong>lapidis</strong></span> 
     </span>
     <span class='ocr_line' id='line_1_23' title="bbox 205 2631 1204 2709; baseline 0.001 -17"><span class='ocrx_word' id='word_1_156' title='bbox 205 2633 368 2693; x_wconf 87' lang='lat' dir='ltr'><strong>Numidici</strong></span> <span class='ocrx_word' id='word_1_157' title='bbox 383 2633 416 2691; x_wconf 91' lang='lat' dir='ltr'><strong>in</strong></span> <span class='ocrx_word' id='word_1_158' title='bbox 430 2632 499 2692; x_wconf 87' lang='lat' dir='ltr'><strong>foro</strong></span> <span class='ocrx_word' id='word_1_159' title='bbox 514 2632 628 2692; x_wconf 90' lang='lat' dir='ltr'><strong>statuit</strong></span> <span class='ocrx_word' id='word_1_160' title='bbox 642 2631 868 2709; x_wconf 88' lang='lat' dir='ltr'><strong>inscripsitque</strong></span> <span class='ocrx_word' id='word_1_161' title='bbox 883 2649 1028 2690; x_wconf 76' lang='lat' dir='ltr'><strong>Psannrr</strong></span> <span class='ocrx_word' id='word_1_162' title='bbox 1051 2651 1204 2694; x_wconf 65' lang='lat' dir='ltr'><strong>perman.</strong></span> 
     </span>
     <span class='ocr_line' id='line_1_24' title="bbox 207 2735 1205 2817; baseline 0.001 -19"><span class='ocrx_word' id='word_1_163' title='bbox 207 2739 302 2817; x_wconf 85' lang='lat' dir='ltr'><strong>Apud</strong></span> <span class='ocrx_word' id='word_1_164' title='bbox 329 2757 398 2798; x_wconf 90' lang='lat' dir='ltr'><strong>eam</strong></span> <span class='ocrx_word' id='word_1_165' title='bbox 428 2736 522 2814; x_wconf 90' lang='lat' dir='ltr'><strong>longo</strong></span> <span class='ocrx_word' id='word_1_166' title='bbox 553 2743 693 2815; x_wconf 89' lang='lat' dir='ltr'><strong>tempore</strong></span> <span class='ocrx_word' id='word_1_167' title='bbox 723 2735 906 2811; x_wconf 89' lang='lat' dir='ltr'><strong>sacrificare,</strong></span> <span class='ocrx_word' id='word_1_168' title='bbox 934 2743 1009 2797; x_wconf 89' lang='lat' dir='ltr'><strong>vota</strong></span> <span class='ocrx_word' id='word_1_169' title='bbox 1037 2739 1205 2816; x_wconf 87' lang='lat' dir='ltr'><strong>suscipere,</strong></span> 
     </span>
     <span class='ocr_line' id='line_1_25' title="bbox 206 2841 1205 2919; baseline -0.001 -15"><span class='ocrx_word' id='word_1_170' title='bbox 206 2843 433 2904; x_wconf 84' lang='lat' dir='ltr'><strong>controversias</strong></span> <span class='ocrx_word' id='word_1_171' title='bbox 462 2843 615 2919; x_wconf 89' lang='lat' dir='ltr'><strong>quasdam</strong></span> <span class='ocrx_word' id='word_1_172' title='bbox 647 2841 836 2918; x_wconf 89' lang='lat' dir='ltr'><strong>interposito</strong></span> <span class='ocrx_word' id='word_1_173' title='bbox 863 2860 919 2919; x_wconf 90' lang='lat' dir='ltr'><strong>per</strong></span> <span class='ocrx_word' id='word_1_174' title='bbox 947 2842 1111 2902; x_wconf 85' lang='lat' dir='ltr'><strong>Caesarem</strong></span> <span class='ocrx_word' id='word_1_175' title='bbox 1138 2843 1205 2904; x_wconf 90' lang='lat' dir='ltr'><strong>iure</strong></span> 
     </span>
     <span class='ocr_line' id='line_1_26' title="bbox 166 2946 775 3025; baseline -0.007 -16"><span class='ocrx_word' id='word_1_176' title='bbox 166 2949 336 3009; x_wconf 82' lang='lat' dir='ltr'><strong>aoiurando</strong></span> <span class='ocrx_word' id='word_1_177' title='bbox 357 2947 532 3008; x_wconf 90' lang='lat' dir='ltr'><strong>distrahere</strong></span> <span class='ocrx_word' id='word_1_178' title='bbox 554 2946 775 3025; x_wconf 90' lang='lat' dir='ltr'><strong>perseveravit.</strong></span> 
     </span>
    </p>

    <p class='ocr_par' dir='ltr' id='par_1_7' title="bbox 204 3051 1264 3447">
     <span class='ocr_line' id='line_1_27' title="bbox 246 3051 1264 3131; baseline 0.002 -16"><span class='ocrx_word' id='word_1_179' title='bbox 246 3053 461 3131; x_wconf 84' lang='lat' dir='ltr'><strong>Suspicionem</strong></span> <span class='ocrx_word' id='word_1_180' title='bbox 476 3053 590 3114; x_wconf 85' lang='lat' dir='ltr'><strong>Caesar</strong></span> <span class='ocrx_word' id='word_1_181' title='bbox 604 3051 792 3128; x_wconf 90' lang='lat' dir='ltr'><strong>quibusdam</strong></span> <span class='ocrx_word' id='word_1_182' title='bbox 807 3071 934 3111; x_wconf 90' lang='lat' dir='ltr'><strong>suorum</strong></span> <span class='ocrx_word' id='word_1_183' title='bbox 955 3052 1084 3130; x_wconf 92' lang='lat' dir='ltr'><strong>reliquit</strong></span> <span class='ocrx_word' id='word_1_184' title='bbox 1104 3073 1205 3131; x_wconf 88' lang='lat' dir='ltr'><strong>neque</strong></span> <span class='ocrx_word' id='word_1_185' title='bbox 1228 3067 1264 3118; x_wconf 86' lang='grc'><strong>86</strong></span> 
     </span>
     <span class='ocr_line' id='line_1_28' title="bbox 204 3157 1205 3234; baseline 0.002 -18"><span class='ocrx_word' id='word_1_186' title='bbox 204 3157 341 3219; x_wconf 86' lang='lat' dir='ltr'><strong>voluisse</strong></span> <span class='ocrx_word' id='word_1_187' title='bbox 355 3177 389 3218; x_wconf 89' lang='lat' dir='ltr'><strong>sc</strong></span> <span class='ocrx_word' id='word_1_188' title='bbox 403 3158 523 3218; x_wconf 90' lang='lat' dir='ltr'><strong>diutius</strong></span> <span class='ocrx_word' id='word_1_189' title='bbox 538 3158 644 3217; x_wconf 88' lang='lat' dir='ltr'><strong>vivere</strong></span> <span class='ocrx_word' id='word_1_190' title='bbox 665 3176 766 3234; x_wconf 89' lang='lat' dir='ltr'><strong>neque</strong></span> <span class='ocrx_word' id='word_1_191' title='bbox 788 3175 911 3217; x_wconf 90' lang='lat' dir='ltr'><strong>curasse</strong></span> <span class='ocrx_word' id='word_1_192' title='bbox 932 3158 1016 3234; x_wconf 91' lang='lat' dir='ltr'><strong>quod</strong></span> <span class='ocrx_word' id='word_1_193' title='bbox 1030 3158 1205 3218; x_wconf 84' lang='lat' dir='ltr'><strong>valitudine</strong></span> 
     </span>
     <span class='ocr_line' id='line_1_29' title="bbox 204 3263 1204 3341; baseline 0.001 -19"><span class='ocrx_word' id='word_1_194' title='bbox 204 3263 308 3323; x_wconf 93' lang='lat' dir='ltr'><strong>minus</strong></span> <span class='ocrx_word' id='word_1_195' title='bbox 332 3282 483 3341; x_wconf 88' lang='lat' dir='ltr'><strong>prospera</strong></span> <span class='ocrx_word' id='word_1_196' title='bbox 509 3268 661 3337; x_wconf 90' lang='lat' dir='ltr'><strong>uteretur,</strong></span> <span class='ocrx_word' id='word_1_197' title='bbox 689 3263 821 3339; x_wconf 89' lang='lat' dir='ltr'><strong>ideoque</strong></span> <span class='ocrx_word' id='word_1_198' title='bbox 856 3268 889 3323; x_wconf 92' lang='lat' dir='ltr'><strong>et</strong></span> <span class='ocrx_word' id='word_1_199' title='bbox 923 3282 1003 3339; x_wconf 89' lang='lat' dir='ltr'><strong>quae</strong></span> <span class='ocrx_word' id='word_1_200' title='bbox 1038 3264 1204 3341; x_wconf 82' lang='lat' dir='ltr'><strong>religiones</strong></span> 
     </span>
     <span class='ocr_line' id='line_1_30' title="bbox 204 3367 1206 3447; baseline 0.001 -18"><span class='ocrx_word' id='word_1_201' title='bbox 204 3374 366 3429; x_wconf 89' lang='lat' dir='ltr'><strong>monerent</strong></span> <span class='ocrx_word' id='word_1_202' title='bbox 386 3374 419 3429; x_wconf 89' lang='lat' dir='ltr'><strong>et</strong></span> <span class='ocrx_word' id='word_1_203' title='bbox 440 3388 519 3447; x_wconf 88' lang='lat' dir='ltr'><strong>quas</strong></span> <span class='ocrx_word' id='word_1_204' title='bbox 541 3369 759 3428; x_wconf 87' lang='lat' dir='ltr'><strong>renuntiarent</strong></span> <span class='ocrx_word' id='word_1_205' title='bbox 782 3367 875 3427; x_wconf 89' lang='lat' dir='ltr'><strong>amici</strong></span> <span class='ocrx_word' id='word_1_206' title='bbox 898 3368 1082 3444; x_wconf 87' lang='lat' dir='ltr'><strong>neglexisse.</strong></span> <span class='ocrx_word' id='word_1_207' title='bbox 1125 3370 1206 3430; x_wconf 86' lang='lat' dir='ltr'><strong>Sunt</strong></span> 
     </span>
    </p>

    <p class='ocr_par' dir='ltr' id='par_1_8' title="bbox 164 3472 1205 3656">
     <span class='ocr_line' id='line_1_31' title="bbox 164 3472 1205 3552; baseline 0 -18"><span class='ocrx_word' id='word_1_208' title='bbox 164 3474 258 3552; x_wconf 79' lang='lat' dir='ltr'><strong>acqui</strong></span> <span class='ocrx_word' id='word_1_209' title='bbox 272 3479 387 3552; x_wconf 91' lang='lat' dir='ltr'><strong>putent</strong></span> <span class='ocrx_word' id='word_1_210' title='bbox 404 3473 555 3534; x_wconf 92' lang='lat' dir='ltr'><strong>confisum</strong></span> <span class='ocrx_word' id='word_1_211' title='bbox 573 3491 644 3533; x_wconf 90' lang='lat' dir='ltr'><strong>eum</strong></span> <span class='ocrx_word' id='word_1_212' title='bbox 659 3472 832 3532; x_wconf 85' lang='lat' dir='ltr'><strong>novissimo</strong></span> <span class='ocrx_word' id='word_1_213' title='bbox 846 3472 901 3532; x_wconf 92' lang='lat' dir='ltr'><strong>illo</strong></span> <span class='ocrx_word' id='word_1_214' title='bbox 916 3479 1042 3533; x_wconf 90' lang='lat' dir='ltr'><strong>senatus</strong></span> <span class='ocrx_word' id='word_1_215' title='bbox 1063 3475 1205 3534; x_wconf 90' lang='lat' dir='ltr'><strong>consulto</strong></span> 
     </span>
     <span class='ocr_line' id='line_1_32' title="bbox 202 3576 1204 3656; baseline -0.001 -17"><span class='ocrx_word' id='word_1_216' title='bbox 202 3598 239 3640; x_wconf 87' lang='lat' dir='ltr'><strong>ac</strong></span> <span class='ocrx_word' id='word_1_217' title='bbox 253 3579 320 3639; x_wconf 90' lang='lat' dir='ltr'><strong>iure</strong></span> <span class='ocrx_word' id='word_1_218' title='bbox 335 3578 468 3638; x_wconf 89' lang='lat' dir='ltr'><strong>iurando</strong></span> <span class='ocrx_word' id='word_1_219' title='bbox 482 3578 578 3638; x_wconf 89' lang='lat' dir='ltr'><strong>etiam</strong></span> <span class='ocrx_word' id='word_1_220' title='bbox 593 3576 751 3636; x_wconf 90' lang='lat' dir='ltr'><strong>custodias</strong></span> <span class='ocrx_word' id='word_1_221' title='bbox 767 3577 982 3655; x_wconf 88' lang='lat' dir='ltr'><strong>Hispanorum</strong></span> <span class='ocrx_word' id='word_1_222' title='bbox 999 3598 1069 3638; x_wconf 92' lang='lat' dir='ltr'><strong>cum</strong></span> <span class='ocrx_word' id='word_1_223' title='bbox 1090 3579 1204 3656; x_wconf 90' lang='lat' dir='ltr'><strong>gladiis</strong></span> 
     </span>
    </p>
   </div>
   <div class='ocr_carea' id='block_1_3' title="bbox 201 3681 1228 3763">
    <p class='ocr_par' dir='ltr' id='par_1_9' title="bbox 201 3681 1228 3763">
     <span class='ocr_line' id='line_1_33' title="bbox 201 3681 1228 3763; baseline 0.003 -18"><span class='ocrx_word' id='word_1_224' title='bbox 201 3683 506 3763; x_wconf 72' lang='lat' dir='ltr'><strong>tadinspectantium</strong></span> <span class='ocrx_word' id='word_1_225' title='bbox 517 3701 550 3743; x_wconf 90' lang='lat' dir='ltr'><strong>sc</strong></span> <span class='ocrx_word' id='word_1_226' title='bbox 563 3682 741 3742; x_wconf 84' lang='lat' dir='ltr'><strong>removisse.</strong></span> <span class='ocrx_word' id='word_1_227' title='bbox 785 3681 851 3741; x_wconf 80' lang='lat' dir='ltr'><strong>Alii</strong></span> <span class='ocrx_word' id='word_1_228' title='bbox 866 3702 883 3742; x_wconf 92' lang='lat' dir='ltr'><strong>e</strong></span> <span class='ocrx_word' id='word_1_229' title='bbox 897 3683 1021 3744; x_wconf 89' lang='lat' dir='ltr'><strong>diverso</strong></span> <span class='ocrx_word' id='word_1_230' title='bbox 1035 3684 1228 3762; x_wconf 80' lang='lat' dir='ltr'><strong>opinantura</strong></span> 
     </span>
    </p>
   </div>
   <div class='ocr_carea' id='block_1_4' title="bbox 0 0 1410 4140">
    <p class='ocr_par' dir='ltr' id='par_1_10' title="bbox 0 0 1410 4140">
     <span class='ocr_line' id='line_1_34' title="bbox 0 0 1410 4140; baseline 0 0"><span class='ocrx_word' id='word_1_231' title='bbox 0 0 1410 4140; x_wconf 95' lang='lat' dir='ltr'><strong> </strong></span> 
     </span>
    </p>
   </div>
  </div>
 </body>
</html>
