2812 4140
188 263 229 327 30
270 272 300 326 C.
327 273 483 325 SUETONI
505 273 735 335 manumet-„1
758 274 807 323 ΠΕ
831 273 921 324 VITA
944 273 1146 326 CAESARUM

186 448 238 507 dle
259 446 412 524 pervenit.
454 445 619 523 Epistulae
639 464 762 522 quoque
780 445 902 505 eiusad
919 451 1062 506 senatum
1081 453 1215 508 extento

80 587 81 590 ¹
187 572 264 630 quas
281 553 418 630 primum
433 551 559 611 videtur
577 551 617 610 ad
640 551 770 628 paginas
785 557 818 610 et
842 551 977 611 formam
1000 554 1190 613 memorialis

186 647 288 719 libelli
316 656 515 732 convertisse,
542 675 612 715 eum
639 662 732 715 antea
760 656 902 715 consules
930 662 963 716 et
998 658 1092 718 duces
1127 679 1190 719 non

186 763 249 823 nisi
263 769 444 823 transversa
460 762 569 822 charta
588 762 722 840 scriptas
740 761 912 823 mitterent.
955 765 1076 824 Extant
1097 771 1130 825 et
1149 766 1190 825 ad

161 869 377 944 nCieeronem,
401 869 478 928 item
500 869 540 928 ad
563 868 736 927 familiares
765 868 947 928 domesticis
970 870 1010 928 de
1033 870 1134 946 rebus,
1157 870 1190 929 in

186 975 309 1052 quibus,
339 974 366 1033 si
394 993 456 1051 qua
483 973 636 1033 occultius
665 974 853 1051 perferenda
883 978 982 1050 erant,
1012 994 1069 1052 per
1099 981 1190 1035 notas

186 1079 323 1158 scripsit,
345 1079 378 1138 id
399 1084 449 1138 est
470 1079 515 1137 sic
536 1084 656 1138 structo
678 1079 857 1139 litterarum
878 1079 986 1138 ordine
1011 1085 1051 1139 ut
1068 1081 1190 1140 nullum

186 1184 317 1246 verbum
338 1183 418 1244 effici
439 1189 565 1261 posset:
598 1203 677 1270 quae
699 1184 802 1261 siqui
824 1183 1014 1261 investigare
1036 1191 1069 1245 et
1090 1205 1191 1263 persc-

186 1291 241 1369 qui
262 1290 350 1365 velit,
372 1296 517 1367 quartam
540 1290 765 1349 elementorum
787 1290 937 1365 litteram,
955 1291 988 1348 id
1009 1297 1058 1350 est
1076 1292 1115 1367 D,
1133 1312 1191 1370 pro

148 1397 216 1457 loA
237 1402 269 1456 et
290 1395 420 1473 perinde
438 1395 575 1471 reliquas
598 1401 776 1455 commutet.
831 1397 988 1456 Feruntur
1003 1403 1036 1457 et
1050 1397 1214 1461 †aitverot

185 1501 226 1561 ab
252 1501 488 1560 adulescentulo
512 1501 665 1577 quaedam
694 1501 821 1578 scripta,
847 1507 883 1560 ut
911 1503 1072 1561 Laudes
1102 1504 1192 1563 Her-

187 1605 677 1682 culis,tragoedia0edipus,
692 1606 769 1665 item
784 1607 1190 1668 DictaCollectanea:

187 1731 264 1789 quos
281 1711 382 1770 omnis
397 1711 520 1769 libellos
536 1711 638 1769 vetuit
653 1711 815 1787 Augustus
831 1712 985 1789 publicari
1001 1712 1034 1771 in
1055 1712 1192 1790 epistula
1264 1753 1266 1759 ,

187 1836 281 1894 quam
309 1816 435 1875 brevem
463 1816 631 1875 admodum
663 1835 699 1875 ac
728 1815 902 1893 simplicem
931 1818 970 1877 ad
1006 1818 1191 1895 Pompeium

149 1936 178 1981 15
187 1925 339 1996 Macrum,
355 1922 405 1980 cui
419 1921 608 1980 ordinandas
623 1920 828 1981 bibliothecas
844 1922 1052 1998 delegaverat,
1069 1923 1164 1983 misit.

229 2028 398 2086 Armorum
433 2033 466 2086 et
500 2026 664 2102 equitandi
699 2027 921 2103 peritissimus,
957 2028 1072 2088 laboris
1108 2029 1193 2089 ultra
1216 2042 1249 2094 57

188 2134 283 2192 fidem
300 2132 425 2210 patiens
443 2137 519 2191 erat.
563 2132 602 2189 In
621 2131 745 2207 agmine
764 2151 1000 2209 nonnumquam
1019 2153 1109 2211 equo,
1131 2153 1194 2194 sae-

189 2238 261 2316 pius
283 2237 416 2315 pedibus
436 2236 588 2310 anteibat,
609 2236 712 2313 capite
731 2237 855 2297 detecto
875 2256 930 2297 seu
950 2238 997 2297 sol
1017 2258 1072 2298 seu
1094 2239 1194 2299 imber

190 2350 291 2418 esset3
313 2342 512 2418 longissimas
542 2341 609 2400 vias
640 2341 820 2400 incredibili
852 2343 1013 2403 celeritate
1047 2345 1193 2420 confecit,

152 2448 366 2526 inexpeditus,
392 2445 554 2505 meritoria
581 2447 685 2520 raeda,
711 2452 842 2506 centena
870 2467 1020 2526 passuum
1048 2449 1137 2509 milia
1161 2450 1194 2507 in

191 2553 330 2629 singulos
358 2553 444 2626 dies3
467 2551 494 2609 si
521 2550 651 2610 flumina
680 2558 885 2627 morarentur,
913 2555 1017 2613 nando
1046 2554 1193 2614 traiciens

191 2659 241 2717 vel
263 2657 390 2716 innixus
412 2655 531 2715 infiatis
553 2655 687 2729 utribus,
709 2661 745 2716 ut
766 2675 916 2734 persaepe
944 2658 1072 2719 nuntios
1093 2659 1137 2718 de
1162 2679 1195 2718 se

192 2761 398 2841 praevenerit.
1213 2752 1216 2757 ⁴

233 2869 272 2926 In
315 2866 465 2926 obeundis
511 2866 766 2943 expeditionibus
811 2867 943 2926 dubium
990 2868 1111 2930 cautior
1154 2889 1195 2930 an
1219 2883 1255 2933 58

153 2971 366 3046 mandentior,
395 2971 568 3030 exercitum
595 2990 697 3048 neque
718 2991 775 3048 per
796 2972 947 3032 insidiosa
968 2973 1083 3034 itinera
1103 2975 1196 3034 duxit

193 3096 342 3153 umquam
376 3076 439 3134 nisi
473 3076 710 3152 perspeculatus
747 3076 885 3135 locorum
918 3077 998 3137 situs
1033 3099 1134 3155 neque
1164 3079 1196 3137 in

195 3181 392 3241 Britanniam
412 3180 589 3240 transvexit
608 3181 671 3239 nisi
685 3187 758 3240 ante
778 3201 834 3258 per
849 3201 881 3240 se
896 3188 1006 3258 portus
1024 3189 1056 3244 et
1073 3185 1197 3260 naviga-

195 3287 313 3347 tionem
334 3292 366 3345 et
387 3304 546 3345 accessum
567 3286 607 3344 ad
629 3286 764 3345 insulam
794 3287 997 3365 explorasset.
1041 3290 1086 3349 At
1113 3289 1197 3349 idem

195 3391 374 3452 obsessione
389 3397 562 3450 castrorum
579 3392 612 3449 iu
627 3392 798 3451 Germania
812 3393 958 3453 nuntiata
973 3413 1030 3470 per
1045 3395 1196 3455 stationes

156 3516 185 3561 30
195 3497 334 3557 hostium
349 3496 471 3556 Gallico
485 3496 597 3555 habitu
611 3497 791 3574 penetravit
805 3498 844 3556 ad
860 3517 941 3557 suos.
984 3498 1013 3557 A
1029 3501 1221 3564 Brundisioa

195 3603 407 3679 Dyrrachium
435 3601 518 3660 inter
546 3603 707 3679 oppositas
741 3603 856 3662 classes
888 3604 990 3664 hieme
1022 3607 1199 3666 transmisit

197 3707 454 3784 cessantibusque
483 3707 581 3784 copiis
611 3726 688 3784 quas
719 3707 868 3784 subsequi
896 3709 1032 3769 iusserat
1061 3730 1131 3770 cum
1159 3712 1199 3772 ad
