2812 4140
209 232 250 296 82
291 242 323 294 G.
349 242 505 294 sacroru
528 242 754 304 TRANQUILLI
778 242 827 291 Da
852 241 942 292 VITA
966 242 1168 293 CAESARUM

208 415 321 492 ginem.
364 415 440 474 Mox
462 413 656 474 Scriboniam
678 413 711 472 in
726 412 961 473 matrimonium
987 413 1109 490 accepit
1136 423 1235 490 nupa
1257 424 1265 433 ⁶

208 526 274 580 tam
294 525 368 580 ante
389 518 510 578 duobus
532 518 757 593 consularibus
772 537 810 578 ex
831 519 931 578 altero
953 518 1048 578 etiarn
1069 524 1210 578 matrem.

209 626 288 687 Cum
312 625 371 685 hac
392 643 516 702 quoquc
541 623 713 683 divortium
734 623 821 698 fecit,
843 629 1069 701 pertaesus,
1091 630 1127 683 ut
1142 624 1214 683 scri·

208 730 265 806 bit,
287 749 436 790 morum
458 729 780 808 perversitatem
801 728 900 803 eius,
915 748 951 788 ac
965 728 1075 788 statim
1088 729 1212 789 Liviam

184 835 383 895 cDrusillam
408 834 608 895 matrimonio
633 833 739 894 Tiberi
763 834 900 892 Neronis
922 839 954 893 et
976 834 1103 910 quidem
1128 853 1214 911 prae

209 946 357 1017 guantem
377 939 510 1000 abduxit
530 938 705 1015 dilexitque
726 943 760 998 et
780 938 926 1016 probavit
946 939 1037 999 unice
1057 958 1093 999 ac
1113 958 1214 1018 perse

208 1051 362 1106 verenter.

248 1152 298 1210 Ex
324 1150 485 1210 Scribonia
509 1149 635 1225 Iuliam,
660 1168 698 1208 ex
722 1149 815 1209 Livia
838 1149 919 1208 nihil
942 1149 1111 1209 liberorum
1138 1150 1213 1210 tulit
1234 1157 1271 1209 63

210 1276 281 1317 cum
305 1255 441 1316 maxime
467 1260 604 1332 cuperet.
648 1253 760 1314 Infans
788 1254 844 1330 qui
872 1259 1039 1331 conceptus
1064 1261 1132 1315 erat
1159 1254 1214 1313 im-

171 1374 200 1420 10
209 1366 351 1422 maturus
373 1366 422 1421 est
443 1360 556 1420 editus.
599 1359 715 1419 Iuliam
737 1360 874 1437 primum
895 1360 1046 1420 Marcello
1064 1359 1213 1420 Octaviae

209 1465 324 1526 sororis
340 1484 414 1525 suae
428 1465 495 1524 filio
510 1470 634 1524 tantum
650 1464 734 1541 quod
751 1464 921 1541 pueritiam
940 1484 1074 1541 egresse,
1089 1465 1211 1540 deinde,

208 1576 246 1630 ut
267 1571 294 1630 is
316 1569 404 1645 obiit,
426 1571 470 1630 M.
494 1569 655 1646 Agrippae
676 1574 812 1646 nuptum
833 1570 931 1644 dedit,
956 1576 1084 1630 exorata
1108 1589 1212 1629 sorore

208 1680 246 1734 ut
273 1674 334 1734 sibi
367 1694 480 1750 genero
514 1675 656 1748 cederet3
689 1693 763 1733 nam
795 1680 871 1734 tunc
903 1675 1046 1752 Agrippa
1079 1675 1211 1734 alteram

208 1779 430 1840 Marcellarum
458 1779 595 1839 habebat
622 1784 655 1838 et
682 1797 721 1838 ex
749 1798 786 1839 ea
813 1779 937 1839 liberos.
991 1781 1061 1839 Hoc
1088 1795 1240 1856 quoquea

171 1885 368 1959 rsdefuncto,
390 1884 498 1943 multis
523 1904 560 1944 ac
583 1884 648 1960 diu,
671 1884 768 1945 etiarn
793 1903 831 1944 ex
856 1884 996 1961 equestri
1016 1884 1134 1960 ordine,
1156 1885 1212 1944 cir-

208 1989 397 2068 cumspectis
433 1989 678 2065 condicionibus,
707 1990 869 2049 Tiberium
904 1989 1084 2067 privignum
1120 2009 1211 2049 suum

208 2095 303 2172 elegit
332 2095 495 2172 coegitque
523 2100 749 2172 praegnantem
776 2114 905 2154 uxorem
934 2100 966 2154 et
993 2113 1031 2154 ex
1060 2114 1122 2171 qua
1148 2095 1211 2154 iam

207 2206 298 2279 pater
319 2206 387 2260 erat
407 2200 577 2259 dimittere.
620 2201 665 2259 M.
680 2199 839 2259 Antonius
861 2198 971 2258 scribit
988 2199 1211 2276 primumcum

208 2305 347 2364 Antonio
364 2305 431 2363 filio
447 2324 502 2364 suo
516 2304 723 2382 despondisse
737 2304 862 2378 Iuliam,
874 2304 948 2362 dein
963 2304 1105 2364 Cotisoni
1119 2305 1211 2364 Geta

168 2427 276 2474 torum
291 2410 368 2487 regi,
383 2430 445 2487 quo
464 2416 605 2487 tempore
628 2410 688 2468 sibi
709 2429 832 2486 quoque
847 2409 880 2468 in
895 2410 995 2469 vicem
1012 2410 1110 2470 filiam
1128 2410 1209 2486 regis

206 2517 240 2576 in
255 2515 491 2576 matrimonium
504 2516 647 2592 petisset.

245 2623 387 2700 Nepotes
408 2640 446 2681 ex
469 2621 613 2697 Agrippa
634 2626 667 2680 et
688 2621 771 2680 Iulia
792 2628 856 2682 tres
875 2622 995 2696 habuit,
1015 2622 1048 2682 C.
1071 2627 1103 2681 ct
1123 2623 1158 2681 L.
1178 2628 1210 2681 et
1225 2634 1261 2684 64

206 2727 400 2804 Agrippam;
422 2731 534 2803 neptes
553 2726 641 2799 duas,
656 2726 772 2785 Iuliam
786 2733 818 2786 et
833 2727 1051 2804 Agrippinam.
1094 2726 1209 2785 Iuliam

205 2833 240 2891 L.
264 2831 365 2891 Paulo
389 2831 525 2890 censoris
550 2830 626 2905 filio,
649 2830 859 2908 Agrippinam
884 2831 1069 2891 Germanico
1095 2831 1208 2890 sororis

167 2953 280 2997 assuae
307 2936 416 3013 nepoti
445 2935 618 2995 collocavit.
674 2936 787 2995 Gaium
818 2943 851 2996 et
876 2938 911 2997 L.
934 2936 1100 3013 adoptavit
1124 2936 1209 2994 domi

206 3060 384 3119 parassem
413 3046 445 3100 et
473 3040 586 3100 libram
615 3048 737 3119 emptos
759 3061 778 3101 a
799 3047 889 3119 patre
911 3042 1054 3118 Agrippa
1075 3046 1209 3101 teneros-

206 3165 266 3223 que
290 3145 393 3206 adhuc
417 3146 458 3206 ad
483 3166 589 3206 curam
611 3147 657 3206 rei
679 3167 709 3224 p.
731 3148 872 3207 admovit
893 3153 926 3208 et
947 3147 1088 3206 consules
1110 3147 1209 3223 desig-

205 3257 296 3311 natos
321 3250 439 3311 circum
465 3252 642 3328 provincias
667 3253 886 3330 exercitusque
914 3253 1044 3312 dimisit.
1093 3252 1231 3311 Filiam2

207 3363 239 3417 et
266 3362 378 3434 neptes
406 3357 451 3416 ita
477 3356 619 3417 instituit
646 3363 683 3418 ut
710 3359 805 3419 etiam
834 3359 971 3419 lanificio
998 3358 1209 3418 assuefaceret

168 3467 391 3539 acvetaretque
412 3461 499 3539 loqui
520 3467 575 3522 aut
599 3481 690 3539 agere
715 3464 882 3541 quicquam
905 3464 968 3523 nisi
993 3464 1156 3541 propalam
1177 3469 1209 3523 et

207 3568 290 3645 quod
312 3567 346 3626 in
366 3567 495 3626 diurnos
518 3568 756 3627 commentarios
779 3569 967 3644 referretur3
989 3575 1208 3629 extraneorum

206 3672 335 3751 quidem
356 3677 447 3732 coetu
467 3672 545 3732 adeo
566 3671 729 3749 prohibuit
749 3680 785 3733 ut
806 3675 841 3733 L.
864 3674 998 3750 Vinicio,
1018 3675 1102 3735 claro
1123 3675 1210 3734 deco
