2812 4140
442 259 554 309 ursus
577 259 613 308 11.
649 258 762 309 invus
785 257 977 310 nuousrus
1147 243 1210 309 103

209 431 248 491 lis
264 435 372 491 secuta
385 437 434 491 est
448 436 543 508 atque
557 429 678 490 exitum
692 429 908 508 praesagiente
910 474 1023 490 .....
1042 429 1209 507 Philippos

209 535 379 596 Thessalus
401 535 529 613 quidam
550 536 589 595 de
614 535 723 594 futura
744 535 878 596 victoria
898 534 1060 595 nuntiavit
1083 539 1210 595 8808088

208 641 291 701 Divo
305 641 447 716 Caesare,
463 641 550 700 cuius
565 640 626 700 sibi
640 640 760 718 species
774 640 887 701 itinere
901 641 972 701 avio
987 639 1181 701 occurrisset.

185 755 200 800 2
249 746 340 807 Circa
372 746 536 806 Perusiam
573 746 725 806 sacrificio
759 766 821 806 non
856 746 964 806 litanti
998 765 1069 806 cum
1102 744 1210 822 augeri

208 852 328 913 hostias
354 851 541 930 imperasset
564 871 600 913 80
628 851 732 912 subita
760 852 924 930 eruptione
951 850 1058 912 hostes
1086 868 1234 915 omnemt

209 958 255 1018 rei
271 957 397 1018 divinae
415 963 604 1035 apparatum
624 957 840 1032 abstulissent,
859 957 1003 1017 constitit
1020 956 1103 1017 inter
1120 956 1211 1016 haru-

209 1063 310 1141 spices
339 1081 419 1140 quae
446 1063 622 1140 periculosa
651 1067 684 1122 et
714 1062 847 1122 adversa
878 1061 1066 1122 sacrificanti
1094 1061 1210 1120 denun-

209 1168 289 1229 tiata
303 1174 409 1228 essent
424 1173 536 1228 cuncta
552 1168 586 1226 in
604 1167 689 1245 ipsos
709 1186 853 1227 recasura
870 1167 925 1245 qui
946 1173 1020 1228 exta
1039 1166 1209 1242 haberent;

208 1292 309 1351 neque
332 1273 426 1332 aliter
450 1272 564 1333 evenit.
606 1273 714 1332 Pridie
739 1292 833 1348 quam
855 1272 1052 1332 Siciliensem
1072 1291 1210 1350 pugnam

208 1379 307 1439 018888
329 1377 549 1453 committeret,
562 1376 785 1462 ¹deambulanti
806 1378 840 1436 in
861 1377 954 1437 litore
974 1377 1070 1455 piscis
1092 1396 1109 1436 e
1131 1376 1210 1436 mari
1219 1389 1250 1434 10

207 1483 332 1542 exilivit
352 1488 385 1543 et
405 1483 445 1543 ad
466 1483 562 1561 pedes
586 1483 692 1542 iacuit.
736 1483 832 1560 Apud
857 1483 985 1542 Actium
1007 1481 1210 1542 descendenti

207 1587 241 1646 in
267 1588 367 1647 aciem
391 1588 507 1648 asellus
533 1607 604 1647 cum
626 1587 763 1647 asinario
788 1588 940 1647 occurrit:
968 1587 1089 1647 homini
1112 1589 1210 1664 Euty·

208 1692 294 1769 chus,
315 1693 435 1753 bestiae
456 1693 560 1752 Nicon
578 1697 649 1752 erat
669 1711 800 1767 nomen3
821 1693 986 1769 utriusque
1007 1692 1209 1752 simulacrum

207 1817 339 1858 aeneum
370 1790 470 1858 victor
505 1797 612 1876 posuit
641 1797 673 1857 in
710 1796 828 1875 templo
856 1797 890 1856 in
920 1798 1004 1875 quod
1036 1803 1209 1858 castrorum

208 1923 335 1963 suorum
355 1904 459 1963 locum
479 1903 584 1986 vertit.
1219 1921 1248 1967 15

148 2017 183 2069 97
247 2011 334 2068 Μο88
354 2027 477 2084 quoque
499 2009 575 2084 eius,
590 2011 629 2070 de
651 2029 713 2087 qua
733 2008 847 2069 dehinc
869 2009 982 2085 dicam,
996 2009 1209 2087 divinitasque

207 2119 280 2192 post
315 2120 448 2173 mortem
479 2114 726 2174 evidentissimis
758 2115 892 2175 ostentis
922 2115 1123 2193 praecognita
1151 2121 1207 2174 est.

207 2219 287 2279 Cum
307 2220 443 2279 lustrum
463 2218 496 2278 in
512 2238 622 2298 campo
641 2220 758 2280 Martio
774 2239 886 2297 magna
902 2219 1013 2298 populi
1030 2220 1209 2296 frequentia

121 2350 123 2354 ⁴
207 2326 363 2401 conderet,
385 2325 492 2402 aquila
519 2345 591 2385 eum
619 2326 743 2402 saepius
774 2326 1012 2385 circumvolavit
1039 2331 1210 2401 transgres-

207 2449 302 2507 saque
324 2431 358 2489 in
376 2430 512 2491 vicinam
533 2432 643 2491 aedem
665 2451 759 2509 super
779 2451 893 2491 nomen
912 2432 1073 2509 Agrippae
1090 2431 1130 2490 erl
1149 2431 1248 2508 pri-20

207 2556 290 2597 mam
318 2536 458 2596 litteram
487 2538 586 2612 sedit3
621 2558 683 2614 quo
710 2537 938 2612 animadverso,
967 2543 1041 2597 vota
1068 2557 1147 2614 quae
1175 2538 1208 2595 in

206 2641 385 2719 proximum
402 2642 537 2701 lustrum
555 2643 673 2720 suscipi
691 2662 757 2703 mos
775 2648 825 2703 888
841 2644 992 2719 collegam
1011 2663 1103 2702 suum
1120 2642 1209 2703 Tibe·

207 2747 288 2805 rium
313 2766 493 2825 nuncupare
518 2747 629 2808 iussit:
657 2768 731 2808 nam
756 2768 798 2824 88,
820 2768 1000 2826 quanquam
1022 2748 1207 2827 conscriptis

206 2852 388 2930 paratisque
412 2852 475 2912 iam
503 2852 629 2928 tabulis,
651 2854 779 2930 negavit
801 2859 1021 2932 suscepturum
1042 2873 1121 2931 quae
1145 2874 1208 2913 non

182 2962 290 3017 888888
311 2957 481 3017 soluturus.
524 2957 589 3017 Sub
610 2958 694 3018 idem
715 2965 840 3038 tempus
860 2960 926 3020 ictu
944 2960 1089 3019 fulminis
1109 2979 1147 3020 ex
1164 2960 1246 3018 inas

207 3062 377 3141 scriptione
406 3068 529 3123 statuae
558 3063 624 3123 eius
649 3065 753 3143 prima
776 3066 912 3125 nominis
937 3066 1045 3126 littera
1069 3065 1207 3141 effluxit3

206 3186 392 3245 responsum
422 3174 471 3228 est
502 3175 628 3228 centum
660 3171 742 3230 solos
775 3171 843 3230 dies
874 3171 1005 3249 posthac
1039 3171 1207 3247 victurum,

207 3290 300 3348 quem
323 3292 488 3333 numerum
510 3274 533 3335 0
555 3275 664 3335 littera
687 3281 820 3352 notaret,
842 3277 1047 3355 futurumque
1068 3283 1105 3337 ut
1125 3277 1207 3336 inter

206 3377 280 3437 deos
305 3379 477 3439 referretur
500 3381 583 3457 quod
607 3399 705 3455 aesar,
727 3381 760 3440 id
784 3387 833 3442 est
857 3382 978 3460 reliqua
1001 3401 1074 3460 pars
1096 3400 1113 3441 8
1136 3382 1209 3442 Cae·

207 3483 285 3542 saris
300 3485 435 3560 nomine,
450 3487 584 3546 Etrusca
597 3485 705 3562 lingua
719 3487 796 3547 deus
811 3494 983 3548 vocaretur.
1216 3499 1246 3546 30
1333 3476 1335 3480 ’

182 3601 196 3642 3
247 3588 407 3647 Tiberium
429 3589 527 3665 igitur
548 3591 582 3649 in
602 3591 769 3669 Illyricum
788 3591 975 3652 dimissurus
997 3597 1029 3652 et
1051 3593 1208 3652 Beneven-

206 3699 273 3750 tum
293 3712 392 3770 usque
411 3701 643 3772 prosecuturus,
662 3715 732 3756 cum
751 3696 1002 3776 interpellatores
1021 3697 1092 3757 aliis
1112 3704 1207 3775 atque
