2812 4140
439 302 550 351 ursan
574 302 610 352 11.
647 303 758 354 nrvus
781 303 972 353 aucusrus
1012 347 1017 350 .
1167 289 1207 353 71

207 474 405 534 severissima
438 475 573 539 coercuit
600 494 691 535 voce:
728 475 831 535 satis
859 475 1067 552 provisum
1100 493 1120 534 a
1153 494 1208 551 goe

206 599 301 638 nero
324 598 393 638 suo
417 579 608 656 Agrippa,
630 580 846 657 perductis
868 579 1058 657 pluribus
1079 579 1206 657 aquis,

183 698 252 744 ane
295 684 479 743 homines
524 684 706 745 sitirent
746 685 858 744 Eidem
879 685 995 762 populo
1017 685 1206 762 promissum

206 790 333 866 quidem
358 789 549 864 congiarium
573 791 749 868 reposcenti
773 791 898 850 bonae
924 810 963 849 sc
988 790 1093 849 fidei
1118 809 1205 848 esse

206 895 385 972 respondit3
404 886 475 953 non¹
483 896 672 973 promissum
686 902 791 955 autem
805 895 961 971 flagitanti
976 895 1230 972 turpitudinemu.

206 1005 237 1059 et
259 1000 488 1077 impudentiam
516 1000 618 1059 edicto
645 1000 847 1078 exprobravit
873 1000 1102 1076 affirmavitque
1130 1018 1206 1057 non

205 1105 393 1164 daturum
428 1124 466 1164 se
502 1105 686 1182 quamvis
722 1107 819 1165 darc
852 1105 1096 1165 destinaret.
1136 1105 1205 1162 Nec

205 1211 323 1270 minore
350 1211 505 1286 gravitate
533 1217 628 1288 atque
656 1211 840 1288 constantia,
863 1231 933 1271 oum
954 1211 1116 1289 proposito
1138 1229 1207 1269 con-

205 1315 302 1392 giario
330 1317 446 1375 multos
475 1316 681 1377 manumissos
709 1317 905 1393 insertosque
933 1316 1049 1375 civium
1076 1334 1207 1375 numero·

205 1422 416 1498 comperisset,
437 1423 565 1497 negavit
585 1428 767 1500 accepturos
789 1423 902 1500 quibus
930 1422 1119 1499 promissum
1142 1441 1205 1480 non
1215 1433 1245 1480 rt

205 1533 296 1601 esset,
320 1527 493 1604 ceterisque
518 1527 621 1586 minus
647 1547 740 1604 quam
767 1527 954 1604 promiserat
978 1527 1076 1601 dedit,
1098 1531 1134 1584 ut
1154 1527 1206 1613 de-

181 1632 321 1691 3stinata
333 1651 455 1690 summa
466 1632 629 1691 sufficeret.
662 1634 779 1708 Magna
788 1652 860 1691 vero
870 1632 1027 1709 quondam
1037 1631 1205 1691 sterilitate

204 1755 240 1796 ac
253 1736 375 1795 difficili
388 1737 525 1795 remedio
540 1755 611 1795 cum
625 1737 793 1796 venalicias
811 1742 843 1796 et
861 1737 1048 1797 lanistarum
1067 1737 1204 1796 familias

204 1841 445 1919 peregrinosque
467 1860 573 1900 omnes
595 1842 734 1919 exceptis
756 1842 885 1900 medicis
904 1848 935 1901 et
950 1841 1204 1919 praeceptoribus

204 1946 382 2024 partimque
396 1945 596 2005 servitiorum
609 1947 685 2006 urbe
700 1947 883 2024 expulisset,
897 1952 934 2006 ut
945 1947 1072 2006 tandem
1082 1965 1205 2006 amrona
1215 1957 1242 2001 15

205 2051 372 2125 convaluit,
394 2050 588 2127 impeturn
610 2071 649 2110 se
671 2052 832 2128 cepisse
856 2051 965 2110 scribit
989 2051 1205 2110 frumenta-

204 2157 337 2216 tiones
359 2156 548 2233 publicas
566 2157 866 2234 inperpetuum
886 2155 1204 2232 abolendi,quod

204 2281 336 2321 earum
371 2249 531 2321 fiducia
579 2261 742 2320 cultura
781 2281 968 2338 agrorum
1005 2265 1207 2335 cessaret3<
1307 2325 1310 2332 ,

203 2385 331 2443 neque
365 2371 499 2424 tamen
530 2385 832 2443 perseverasse,
857 2367 951 2444 quia
973 2371 1126 2425 certum
1146 2365 1205 2424 ha-

203 2472 317 2532 beret
338 2490 457 2549 posse
486 2491 556 2548 per
584 2472 851 2530 ambitionem
882 2472 1123 2549 quandoque
1154 2483 1244 2532 re-ao

204 2577 335 2637 stitui.
398 2576 503 2653 Atque
531 2576 576 2635 ita
603 2576 734 2653 posthac
761 2596 827 2634 rem
854 2576 1043 2653 temperavit
1077 2582 1113 2635 ut
1141 2595 1204 2634 non

204 2683 356 2741 minorem
379 2687 538 2741 aratorum
565 2700 601 2740 ao
627 2681 857 2757 negotiantium
881 2700 975 2758 quam
999 2681 1109 2758 populi
1133 2681 1205 2740 rati-⁴

204 2808 294 2847 onem
308 2787 483 2846 deduceret.

144 2901 179 2949 43
245 2891 500 2970 Spectaculorum
528 2898 560 2951 et
587 2891 774 2951 assiduitate
802 2897 834 2951 et
861 2892 1014 2953 varietate
1036 2898 1068 2951 et
1089 2891 1205 2967 magni-

203 2998 330 3056 ficentia
364 3016 471 3056 omnes
509 2997 687 3056 antecessit.
743 2997 908 3056 Fecisse
940 3017 979 3056 se
1011 2997 1128 3056 ludos
1159 2997 1244 3058 aitao

205 3123 273 3162 suo
296 3101 455 3161 nomine
480 3094 731 3180 quater,pro
755 3102 853 3161 aliis
879 3102 1204 3177 magistratibuS,

204 3208 273 3286 qui
293 3212 362 3267 aut
382 3206 577 3267 abessent
596 3212 665 3266 aut
689 3226 768 3265 non
793 3207 1058 3282 sufficerent,
1080 3213 1142 3267 ter
1167 3213 1205 3267 et

204 3314 343 3374 vicies.
386 3311 536 3390 Fecitque
550 3332 785 3390 nonnumquam
799 3313 895 3372 etiam
914 3312 1044 3372 vicatim
1058 3332 1094 3373 ao
1111 3313 1206 3391 pluri-

205 3420 262 3479 bus
281 3417 400 3479 scaenis
419 3437 476 3496 per
495 3417 633 3477 omnium
653 3418 830 3494 linguarum
849 3417 1018 3478 histriones
1041 3465 1047 3478 .
1071 3465 1078 3478 .
1101 3464 1112 3477 ..
1143 3438 1206 3478 non

206 3526 237 3583 in
253 3525 322 3584 foro
337 3525 437 3599 modo,
453 3543 509 3584 nec
527 3524 559 3582 in
576 3523 818 3601 amphitheatro,
834 3524 889 3583 sed
908 3529 940 3584 et
960 3524 993 3582 in
1012 3523 1103 3584 Circo
1122 3530 1154 3583 et
1172 3524 1246 3585 inao

207 3631 339 3708 Saeptis,
362 3635 394 3690 et
417 3630 586 3707 aliquando
606 3630 687 3688 nihil
711 3635 836 3707 practer
863 3631 1061 3690 venationem
1090 3629 1206 3702 edidit3

206 3737 341 3798 athletas
370 3754 503 3812 quoque,
531 3735 684 3795 extructis
713 3735 746 3793 in
774 3755 884 3814 campo
911 3736 1028 3795 Martio
1056 3734 1207 3799 sedilibus
