2812 4140
435 253 546 304 nmen
570 250 607 304 11.
643 250 756 305 n1vus
779 249 971 306 recussus
1165 236 1206 306 69

203 445 264 503 que
285 426 427 504 equiturn
448 427 601 486 rationem
615 427 699 486 vitae
721 427 851 487 reddere
873 427 974 504 coegit
991 433 1087 505 atque
1105 427 1138 486 in
1157 446 1206 487 ex·

203 531 359 609 probratis
387 531 465 591 alios
494 550 603 608 poena,
630 532 709 591 alios
738 533 910 608 ignominia
937 533 1069 606 notavit,
1097 533 1204 610 plures

202 637 423 711 admonitione,
439 637 492 696 sed
508 637 603 696 varia.
645 637 856 696 Lenissimum
870 656 967 712 genus
981 637 1204 698 admonitionis

203 743 266 802 fuit
293 742 422 801 traditio
449 761 554 802 coram
578 741 790 820 pugillarium,
812 760 890 819 quos
915 741 1006 802 taciti
1031 748 1063 802 st
1086 742 1204 802 ibidem

203 848 311 908 statim
332 848 491 922 legerent3
525 847 711 923 notavitque
732 847 854 924 aliquos
882 848 967 924 quod
994 848 1143 926 pecunias
1164 848 1228 908 les

202 953 340 1012 vioribus
355 953 459 1012 usuris
474 953 610 1013 mutuati
624 953 767 1029 graviore
780 952 908 1012 faenore
923 953 1136 1014 collocassent.

143 1068 180 1117 40
242 1058 288 1118 Ac
303 1058 438 1118 comitiis
453 1058 630 1118 tribuniciis
645 1058 673 1117 si
687 1058 833 1119 deessent
854 1058 1014 1118 candidati
1035 1064 1204 1135 senatores,

202 1183 241 1223 ex
256 1163 414 1241 equitibus
429 1165 466 1223 R.
483 1163 610 1239 creavit,
624 1163 670 1223 ita
683 1169 720 1223 ut
734 1168 890 1240 potestate
911 1169 1070 1224 transacta
1087 1163 1120 1222 in
1133 1169 1205 1224 utro

202 1269 321 1329 vellent
335 1269 444 1328 ordine
458 1274 629 1328 manerent.
671 1268 750 1328 Cum
771 1273 876 1328 autem
897 1268 1040 1346 plerique
1062 1268 1204 1346 equitum

202 1374 313 1434 attrito
332 1373 424 1432 bellis
443 1374 587 1432 civilibus
604 1373 794 1451 patrimonio
814 1378 955 1449 spectare
976 1373 1066 1432 ludos
1084 1392 1101 1432 e
1118 1378 1244 1450 quat-10

202 1479 376 1539 tuordecim
389 1498 453 1538 non
466 1479 618 1538 auderent
635 1484 721 1539 metu
742 1496 859 1556 poenae
881 1478 1056 1553 theatralis,
1071 1497 1206 1556 pronun-

202 1584 295 1644 tiavit
316 1604 378 1643 non
399 1584 500 1643 teneri
520 1603 557 1643 ea
578 1582 693 1660 quibus
714 1583 793 1660 ipsis
815 1582 1039 1661 parentibusve
1060 1588 1206 1660 equester

203 1709 312 1748 census
326 1708 476 1766 umquam
490 1689 612 1748 fuisset.

179 1804 194 1847 2
242 1795 358 1872 Populi
384 1813 547 1854 recensum
573 1795 703 1855 vicatim
730 1795 804 1871 egit,
825 1814 862 1855 ac
888 1815 928 1855 ne
955 1795 1045 1873 plebs
1070 1795 1208 1855 frumen-

203 1900 359 1960 tationum
380 1919 473 1960 causa
493 1900 691 1978 frequentius
712 1900 752 1960 ab
772 1900 908 1976 negotiis
937 1905 1129 1975 avocaretur,
1158 1905 1206 1960 ter
1216 1913 1244 1959 15

203 2004 237 2063 in
250 2024 367 2064 annum
383 2010 571 2082 quaternum
589 2004 744 2063 mensium
765 2010 899 2064 tesseras
921 2005 995 2065 dare
1016 2005 1206 2078 destinavit3

204 2111 258 2170 sed
273 2110 465 2170 desideranti
483 2109 739 2169 consuetudinem
754 2115 893 2168 veterem
915 2110 1068 2197 concessit
1085 2107 1206 2185 'rursus

203 2221 239 2274 ut
261 2216 309 2274 sui
331 2216 480 2292 cuiusque
502 2215 617 2274 mensis
642 2213 807 2291 acciperet.
850 2214 1056 2274 Comitiorum
1083 2232 1207 2291 quoque

204 2320 374 2397 pristinum
395 2308 450 2379 ius,
465 2319 592 2379 reduxit
612 2338 648 2378 ac
670 2318 840 2396 multiplici
865 2336 965 2396 poena
992 2319 1125 2378 coercito
1146 2338 1208 2378 am-

203 2425 282 2500 bitu,
297 2425 445 2485 Fabianis
460 2431 493 2484 et
507 2425 742 2503 Scaptiensibus
757 2423 928 2483 tribulibus
944 2423 1008 2482 suis
1023 2424 1075 2483 die
1090 2423 1246 2482 comiti-ao

204 2551 302 2606 orum,
317 2551 355 2590 ne
370 2532 479 2609 quida
494 2550 650 2608 quoquam
665 2530 831 2590 candidato
841 2529 1068 2602 desiderarent,
1084 2529 1208 2604 singula

143 2631 149 2650 '
204 2637 293 2697 milia
305 2655 468 2695 nummum
483 2655 501 2696 a
516 2655 548 2694 se
562 2635 732 2695 dividebat.

181 2758 196 2802 3
243 2741 353 2818 Magni
373 2747 535 2819 praeterea
555 2740 739 2800 existimans
762 2741 918 2801 sincerum
944 2748 1039 2818 atque
1060 2739 1100 2800 ab
1121 2739 1207 2798 omni

205 2847 379 2906 colluvione
400 2845 558 2924 peregrini
584 2865 621 2905 ac
649 2845 772 2905 servilis
801 2845 961 2922 sanguinis
990 2845 1207 2921 incorruptum

205 2972 329 3012 servare
343 2952 504 3029 populum,
520 2956 552 3011 et
573 2951 717 3011 civitates
740 2952 897 3011 Romanas
919 2950 1101 3028 parcissime
1118 2948 1244 3008 deditas

205 3064 237 3118 et
251 3057 493 3117 manumittendi
508 3057 635 3115 modum
648 3056 839 3116 terminavit.
882 3055 1006 3115 Tiberio
1021 3031 1207 3132 pro'cliente

205 3164 324 3223 Graeco
345 3163 465 3240 petenti
493 3161 655 3239 rescripsit
675 3180 738 3220 non
764 3161 858 3221 aliter
884 3179 917 3219 se
943 3161 1091 3219 daturum
1112 3179 1207 3237 quam

175 3325 178 3332 ,
205 3269 232 3328 si
248 3287 395 3346 praesens
413 3268 474 3327 sibi
490 3267 698 3345 persuasisset
715 3285 809 3344 quam
831 3266 930 3325 iustas
952 3265 1080 3343 petendi
1098 3282 1207 3326 causas
1265 3310 1268 3315 .

204 3374 350 3449 haberet;
371 3380 403 3433 et
420 3373 529 3433 Liviae
550 3393 607 3450 pro
628 3373 764 3450 quodam
785 3370 952 3432 tributario
970 3371 1062 3430 Gallo
1084 3372 1207 3447 roganti

205 3480 365 3539 civitatem
379 3480 515 3556 negavit,
527 3479 759 3538 immunitatem
773 3477 899 3555 optulit,
908 3476 1066 3537 affirmans
1081 3476 1246 3537 faciliusne

205 3605 237 3644 se
265 3604 431 3663 passurum
457 3584 533 3643 fisco
559 3583 684 3643 detrahi
711 3582 832 3660 aliquid
858 3601 952 3659 quam
980 3581 1119 3641 civitatis
1149 3583 1208 3640 Ro·

181 3709 314 3754 emanas
336 3689 459 3765 vulgari
479 3689 637 3748 honorem.
680 3688 792 3747 Servos
813 3705 877 3745 non
905 3691 1069 3746 contentus
1098 3686 1207 3745 multis
