2812 4140
509 244 658 296 marma
680 246 758 296 cm>
774 246 895 320 *smne
1161 255 1257 298 xxxv

187 421 215 480 d.
237 420 311 481 Aa:

189 549 237 631 (1)
260 548 305 611 of
318 548 501 629 proximity,
516 549 621 610 butio
635 550 749 611 denote
763 549 818 611 the
832 549 995 611 function:

191 665 227 714 ad
238 663 363 725 cyathum
381 700 388 714 .
412 699 418 712 .
437 700 443 713 .
465 663 605 714 Nicomedi
616 665 728 725 metisse,
741 663 801 761 dmi.
813 663 853 714 40.
867 665 892 714 2.

190 827 238 907 (2)
258 825 452 904 Equivalcnt
466 832 499 887 to
512 831 614 904 apud:

175 958 286 1009 'navali
297 950 499 1009 ad'Mamiiiam
506 958 623 1020 proelio,
635 957 695 1009 Jal.
707 958 750 1008 68.
762 958 786 1008 4.

190 1119 238 1200 (3)
260 1120 306 1179 To
320 1119 482 1196 designate
496 1119 609 1180 houses
624 1119 667 1198 by
683 1123 834 1198 immitia:

191 1251 227 1301 ad
243 1250 340 1312 Capita
352 1248 471 1312 Bibule,
483 1251 556 1312 Aac.
569 1252 593 1300 ὅ.

190 1413 236 1493 (4)
259 1413 305 1471 To
319 1412 433 1472 denote
448 1411 502 1472 tha
516 1403 658 1473 aceasion
673 1431 708 1472 or
722 1413 961 1475 circumstance:

191 1543 227 1593 ad
238 1544 403 1594 occasionem
416 1556 510 1603 aurae,
522 1543 595 1606 Amy.
607 1544 648 1594 97.
662 1545 678 1594 3
690 1562 695 1604 ;
715 1545 749 1593 ad
760 1545 859 1605 cubita,
871 1546 944 1605 Aac.
957 1545 999 1596 84.
1013 1546 1026 1594 l
1039 1562 1045 1608 ;
1063 1545 1099 1595 ad
1115 1544 1255 1597 Kalendas

150 1625 279 1687 Graecas,
291 1626 362 1688 Aua.
377 1626 419 1677 87.
433 1629 446 1676 1
459 1643 465 1689 ;
484 1627 645 1687 calamina,
659 1627 719 1676 Jal.
731 1626 773 1677 37.
786 1629 810 1676 2.

191 1789 237 1869 (5)
258 1788 451 1866 Equivalent
465 1794 498 1850 to
512 1792 694 1850 ceeimdum:

192 1919 228 1969 ad
245 1920 399 1982 arbitrium,
411 1920 469 1971 Jai.
483 1922 526 1971 20.
539 1922 572 1981 2;
591 1921 625 1970 ad
645 1920 793 1981 libidinem,
807 1921 864 1971 Jai.
881 1920 921 1970 76.
937 1922 969 1983 1;
986 1922 1031 1972 Ad
1048 1921 1119 1972 iane
1135 1922 1253 1982 modum,

148 2000 220 2063 Aac.
235 2002 277 2052 46.

192 2148 238 2230 (6)
261 2150 301 2209 In
315 2148 369 2209 the
383 2149 566 2228 expression
582 2150 616 2209 of
630 2167 766 2227 purpose
780 2168 815 2209 or
829 2149 956 2226 design:

139 2295 144 2303 ·
192 2279 228 2329 ad
239 2280 411 2342 opprobriam
423 2282 502 2342 citae,
516 2280 573 2330 Jul.
589 2282 639 2341 593
658 2282 692 2330 ad
709 2282 830 2331 subsidia
846 2281 1028 2342 reipublicae,
1041 2280 1101 2332 Jai.
1112 2282 1153 2331 20.
1168 2282 1201 2344 8;
1219 2282 1255 2332 ad

149 2363 250 2413 domam
264 2363 307 2427 (=
323 2363 506 2427 dedicandi),
520 2364 580 2413 Jal.
593 2365 633 2413 84.
648 2364 681 2425 3;
700 2364 736 2413 ad
742 2367 920 2425 praetectum,
932 2363 1003 2424 Aac.
1019 2365 1058 2413 12.

191 2525 237 2606 (7)
259 2524 452 2602 Equivalent
465 2531 498 2586 to
512 2545 604 2602 ecque
618 2529 678 2586 ad:

192 2656 228 2708 ad
239 2660 339 2707 ceriam
351 2659 463 2719 tempus,
475 2657 546 2718 Amy.
561 2658 603 2706 41.
617 2659 629 2707 1
643 2675 649 2718 ;
668 2658 702 2707 ad
714 2657 827 2708 maltam
839 2661 951 2719 maciem,
963 2657 1034 2720 Amy.
1049 2657 1089 2708 78.
1105 2658 1128 2708 1.

191 2802 237 2885 (8)
261 2804 301 2862 In
315 2803 485 2863 formulas:

190 2935 226 2985 ad
243 2935 364 2984 amimam
383 2936 408 2985 ei
425 2934 607 2996 responderat,
621 2934 677 2983 Jal.
693 2934 742 2995 463
761 2936 797 2984 ad
815 2949 916 2985 remam
934 2936 1014 2996 datis,
1027 2935 1098 2996 Aue.
1113 2935 1152 2985 16.
1169 2937 1200 2998 1;
1219 2936 1254 2986 ad

146 3018 257 3068 verbam
271 3016 313 3082 (=
329 3019 482 3082 αὐτολεξεί),
495 3016 555 3067 dul.
568 3018 608 3067 30.
623 3017 638 3065 4
650 3034 655 3078 ;
675 3018 709 3066 ad
721 3031 863 3078 summam,
876 3019 946 3078 Aac.
962 3017 1002 3068 71.
1016 3018 1041 3068 8.

188 3207 212 3248 e.
240 3190 415 3249 Adversas:
437 3188 471 3247 in
485 3187 539 3247 the
554 3185 683 3264 phrase:

188 3319 325 3370 Adversas
337 3321 470 3380 incendia,
482 3320 553 3378 Aac.
568 3318 608 3368 30.
624 3319 647 3367 l.

188 3439 218 3496 d.
246 3435 346 3496 Ante:

191 3591 237 3671 (1)
259 3589 452 3667 Equivalent
465 3597 499 3651 to
510 3610 586 3666 prae
595 3612 606 3650 .·

191 3723 253 3772 anie
266 3721 346 3781 alias,
360 3722 381 3771 J
383 3723 417 3770 ai.
432 3723 471 3771 50.
486 3725 500 3770 2
513 3740 518 3784 ;
537 3722 625 3770 where
638 3722 683 3770 the
696 3722 791 3784 phrase
807 3743 831 3766 =
843 3736 911 3784 prae
924 3723 994 3784 aliie,
1011 3725 1040 3772 im
1050 3724 1154 3785 primic.
