2812 4140
147 256 153 267 ’
199 263 241 328 56
281 273 313 326 0.
337 271 494 326 suarum
515 272 744 336 TRANQUILLI
766 273 816 324 DE
839 272 930 324 VITA
952 272 1155 325 CAESAREM

199 451 312 524 tusque
331 464 407 505 num
424 450 457 505 et
474 444 690 505 Ptolemaeum
711 443 866 522 inspicere
880 444 986 520 vellet,
1008 463 1137 522 regem
1158 463 1197 506 se
1253 485 1256 490 -

199 549 379 611 voluisse
399 549 445 610 ait
466 549 613 625 videre,
635 568 712 619 nou
732 553 918 608 mortuos.
959 549 1144 628 Aegyptum
1164 550 1221 612 ina

199 654 378 734 provinciae
400 653 535 714 formam
559 653 717 714 redactam
739 660 775 714 ut
796 653 979 714 feraciorem
1003 654 1199 715 habiliorem-

199 779 260 839 que
273 777 414 820 annonae
427 758 552 819 urbicae
568 759 720 835 redderet,
732 759 833 820 fossas
848 761 949 819 omnis
964 759 998 818 in
1011 778 1090 837 quas
1103 760 1197 819 Nilus

175 871 370 941 oexaestrrat,
382 865 548 926 oblimatas
565 865 658 944 longa
668 871 835 943 vetustate,
848 866 979 927 militari
993 884 1086 944 opere
1100 867 1199 926 deter-

200 971 250 1032 sit.
292 971 420 1048 Quoque
435 972 582 1032 Actiacae
596 972 746 1033 victoriae
762 972 910 1032 memoria
924 972 1108 1032 celebratior
1119 978 1152 1032 et
1165 972 1199 1030 in

122 1150 135 1162 ..
199 1082 360 1156 posterum
377 1082 469 1153 esset,
486 1077 596 1137 urbem
612 1077 792 1155 Nicopolim
808 1078 893 1156 apud
911 1077 1040 1136 Aetium
1059 1077 1199 1136 condidit

200 1182 351 1260 ludosque
365 1182 432 1242 illic
443 1182 691 1260 quinquennales
705 1182 871 1243 constituit
885 1187 917 1242 et
930 1181 1083 1261 ampliato
1093 1188 1199 1242 vetere

200 1287 358 1365 Apollinis
373 1288 492 1366 templo
502 1287 606 1347 locum
622 1293 794 1347 castrorum
809 1288 922 1365 quibus
938 1287 1043 1348 fuerat
1053 1306 1138 1363 usus,
1150 1307 1200 1347 ex·

161 1404 190 1449 10
199 1396 343 1453 ornatum
357 1392 521 1452 navalibus
537 1392 658 1470 spoliis,
667 1393 818 1470 Neptrmo
831 1412 868 1452 ao
881 1391 980 1452 Marti
996 1380 1198 1452 consecravit.

239 1497 406 1556 Tumultus
431 1497 562 1575 posthae
587 1503 619 1557 et
643 1516 747 1557 rerum
771 1517 922 1558 novarum
947 1497 1039 1558 initia
1063 1498 1258 1560 conium-19

199 1601 363 1678 tionesque
391 1603 576 1680 complures,
598 1602 686 1680 prius
714 1622 808 1679 quam
835 1603 1063 1663 invalescerent
1083 1602 1199 1662 indicio

199 1707 349 1781 detectas,
364 1709 549 1785 compressit
569 1708 648 1768 alias
669 1708 908 1786 aliotempore:
932 1708 1046 1786 Lepidi
1066 1707 1199 1784 iuvenis,

199 1811 312 1871 deinde
332 1812 483 1872 Varronis
506 1815 656 1873 Murenae
677 1818 710 1872 et
734 1813 837 1873 Fanni
860 1812 1036 1891 Caepionis,
1058 1832 1129 1873 mox
1153 1814 1198 1873 M.

161 1931 191 1977 15
199 1917 324 1993 Egnati,
339 1917 412 1977 exin
426 1917 534 1977 Plauti
551 1917 624 1977 Rufi
640 1918 779 1995 Lucique
796 1918 889 1978 Pauli
907 1917 1074 1996 progeneri
1090 1918 1149 1993 sui,
1163 1937 1200 1978 ac

199 2026 324 2099 praeter
343 2022 400 2082 has
422 2023 457 2082 L.
474 2021 593 2082 Audasi
613 2023 765 2082 falsarum
783 2022 961 2083 tabularum
979 2023 1025 2082 rei
1043 2042 1080 2083 ac
1097 2042 1199 2101 neque

199 2132 301 2187 aetate
330 2147 432 2204 neque
462 2147 589 2205 corpore
617 2128 741 2203 integri,
769 2128 846 2187 item
881 2127 973 2187 Asini
1001 2128 1134 2206 Epicadi
1161 2148 1200 2188 ex

200 2237 292 2308 gente
313 2233 466 2292 Parthina
486 2232 615 2306 ibridae,
637 2233 677 2292 ad
698 2237 874 2292 extremum
895 2233 1037 2311 Telephi,
1059 2233 1200 2293 mulieris

200 2336 283 2396 servi
307 2337 578 2396 nomenculatoris.
621 2338 704 2397 Nam
732 2357 771 2397 ne
800 2337 929 2398 ultimae
954 2338 1082 2415 quidem
1106 2338 1200 2398 sortis

161 2441 362 2500 athominum
389 2441 619 2519 conspiratione
649 2447 681 2501 et
709 2442 848 2520 periculo
880 2443 988 2503 caruit.
1041 2442 1224 2502 Audasiusa

199 2551 294 2623 atque
315 2546 472 2624 Epicadus
495 2547 610 2607 Iuliam
630 2546 729 2607 filiam
749 2554 781 2608 et
798 2549 973 2626 Agrippam
994 2509 1141 2626 nepotdm
1163 2568 1201 2608 ex

145 2669 146 2674 ¹
201 2651 312 2711 insulis
335 2651 449 2728 quibus
472 2651 713 2712 continebantur
739 2672 849 2731 rapere
869 2654 909 2712 ad
931 2653 1096 2729 exercitus,
1115 2653 1202 2713 Tele·

199 2756 281 2834 phus
309 2757 399 2833 quasi
427 2756 534 2816 debita
562 2757 622 2816 sibi
650 2757 718 2818 fato
745 2757 959 2818 dominatione
983 2763 1015 2818 et
1040 2758 1144 2836 ipsum
1169 2763 1202 2818 et

201 2867 343 2921 senatum
378 2861 523 2937 adgredi·
542 2863 745 2923 destinarant.
802 2862 885 2933 Quin
916 2862 1012 2924 etiam
1044 2864 1201 2941 quondam

161 2967 289 3027 atiuxta
313 2967 490 3027 cubiculum
515 2967 581 3027 eius
603 2968 666 3027 lixa
688 2969 817 3045 quidam
839 2989 876 3028 ex
900 2969 1031 3047 Illyrico
1052 2969 1201 3043 exercitu,

200 3070 385 3132 ianitoribus
408 3072 559 3150 deceptis,
574 3078 669 3133 noctu
689 3072 902 3152 deprehensus
925 3080 973 3134 est
993 3075 1093 3134 cultro
1112 3093 1202 3133 vena·

200 3177 281 3236 torio
312 3177 442 3252 cinctus,
470 3179 613 3256 imposne
648 3179 762 3238 mentis
792 3199 833 3240 an
862 3181 1009 3241 simulata
1043 3179 1202 3239 dementia

201 3281 373 3357 incertum3
394 3283 475 3341 nihil
490 3284 574 3343 enim
589 3284 723 3361 exprimi
734 3267 920 3362 'duaestione
935 3286 1047 3363 potuit.

240 3388 380 3448 Externa
399 3388 484 3448 bella
503 3389 566 3448 duo
587 3389 713 3450 omnino
731 3409 788 3468 per
810 3409 843 3450 se
864 3392 971 3466 gessit,
990 3390 1200 3452 Delmaticum
1225 3404 1260 3455 20

162 3493 383 3553 coadulescens
397 3494 500 3554 adhuc
514 3499 547 3554 et
562 3495 700 3555 Antonio
719 3495 844 3557 devicto
859 3495 1088 3556 Cantabricum.
1130 3497 1203 3556 Del-

201 3598 315 3658 matico
340 3599 435 3658 etiam
459 3599 590 3659 vulnera
614 3600 747 3679 excepit,
772 3620 836 3661 una
859 3602 925 3661 acie
949 3600 1097 3661 dextrum
1121 3621 1202 3678 genu

200 3702 306 3782 lapide
325 3704 415 3785 ictus,
434 3703 535 3765 altera
554 3710 586 3764 et
604 3688 673 3766 crus
693 3712 726 3767 et
744 3711 913 3785 utrumque
931 3706 1094 3767 brachium
1113 3707 1203 3781 ruina
