2812 4140
476 286 647 337 1111111
684 267 797 390 111111
819 283 1010 336 1111111111
1183 273 1245 337 101

244 477 338 520 ranae
359 446 496 519 coaxare.
540 459 591 518 Ad
609 408 765 536 quartuni
766 457 916 559 lapidem
937 456 1158 535 Campanae
1129 476 1198 517 viae
1212 457 1246 516 in

146 560 149 564 ’
243 583 369 623 nemore
389 564 558 642 prandenti
576 583 615 624 ex
634 562 794 641 inproviso
805 562 921 654 aquila
942 581 1056 640 panem
1077 561 1106 621 ei
1120 580 1137 621 e
1151 580 1246 621 manu

244 669 350 747 rapuit
371 674 411 744 et,
434 688 505 728 oum
525 668 679 729 altissime
701 662 868 742 evolasset,
879 662 996 759 111111
1021 685 1059 726 ex
1085 666 1245 744 inproviso

243 775 357 834 leniter
370 774 499 852 delapsa
513 774 660 834 reddidit.
975 761 984 779 ⁶

219 890 235 936 8
283 880 317 950 Q.
331 880 461 940 Catulus
476 886 548 958 post
558 880 738 940 dedicatum
750 838 942 959 Capitolium
947 822 1076 982 ditabus
1089 835 1269 941 continuiso

242 985 386 1044 noctibus
402 986 588 1045 somniavit:
610 986 721 1063 prima,
737 988 845 1046 Iovem
860 966 1030 1063 Optimum
1038 974 1214 1055 Maximum
1228 1003 1245 1043 e

244 1091 450 1169 praetextatis
473 1091 685 1169 compluribus
707 1092 824 1151 circum
837 1110 924 1150 aram
945 1086 1125 1150 ludentibus
1144 1095 1245 1192 unum

244 1196 413 1256 secrevisse
433 1196 576 1273 atquem
590 1197 656 1256 eius
679 1197 783 1256 sinum
804 1196 929 1273 signum
945 1216 991 1255 rei
1005 1216 1034 1274 p
1052 1190 1143 1271 quod
1150 1173 1260 1302 nitzdu

243 1307 381 1379 gestaret
402 1301 595 1378 reposuisse,
616 1306 650 1361 at
672 1301 858 1378 insequenti,
876 1301 1136 1362 animadvertisse
1158 1320 1190 1360 se
1196 1282 1253 1362 ‘ii
1273 1321 1313 1372 ,·‚·

243 1406 361 1481 gremio
383 1406 554 1484 Capitolini
573 1407 659 1466 Iovis
679 1407 812 1466 eundem
831 1426 973 1485 puerum,
993 1425 1087 1483 quem
1106 1424 1176 1465 curn
1195 1405 1246 1464 de·
1241 1388 1390 1481 ling).

243 1511 327 1570 trahi
351 1511 504 1586 iussisset,
526 1512 720 1588 prohibitum
749 1512 871 1571 monitu
891 1511 943 1571 dei
968 1517 1130 1588 tamquam
1153 1511 1180 1569 is
1204 1510 1244 1570 ad
1300 1491 1334 1512 ..
1373 1494 1382 1510 ’

243 1617 375 1676 tutelam
397 1616 442 1675 rei
463 1636 493 1694 p.
516 1616 718 1693 educaretur3
743 1637 779 1677 ac
800 1617 850 1676 die
872 1617 1015 1696 proximo
1036 1615 1163 1676 obvium
1184 1615 1245 1674 sibi

243 1723 432 1797 Augustum,
448 1741 518 1781 cum
537 1722 730 1798 incognitum
744 1723 822 1782 alias
837 1722 975 1797 haberet,
991 1741 1054 1780 non
1069 1721 1136 1780 sine
1149 1720 1246 1780 admi-

243 1827 363 1886 ratione
386 1827 544 1886 contuitus
566 1827 763 1886 simillimum
784 1827 867 1886 dixit
883 1846 980 1905 puero
997 1827 1036 1886 de
1055 1846 1117 1903 quo
1134 1825 1246 1886 somni·

243 1939 336 1994 asset.
379 1932 513 2002 Quidam
533 1933 621 2009 prius
647 1933 803 1991 somnium
828 1932 933 1991 Catuli
956 1932 1049 1991 aliter
1074 1936 1284 2009 exponuntur

243 2039 333 2115 quasi
361 2038 508 2116 Iuppiter
533 2037 744 2114 compluribus
773 2036 978 2115 praetextatis
1007 2042 1144 2096 tutorem
1169 2055 1188 2095 a
1212 2055 1245 2095 se

243 2143 444 2222 poscentibus
459 2162 556 2200 unum
571 2162 609 2201 ex
629 2143 673 2202 eis
694 2142 949 2216 demonstrasset,
968 2141 1008 2201 ad
1028 2161 1122 2219 quem
1141 2141 1246 2201 omnia

243 2249 398 2329 desideria
410 2268 466 2307 sua
476 2248 639 2322 referrent,
652 2248 781 2324 eiusque
795 2247 934 2306 osculum
950 2246 1124 2306 delibatum
1135 2246 1244 2321 digitis

242 2355 282 2415 ad
297 2373 331 2413 os
347 2373 437 2413 suum
452 2353 635 2413 rettulisset.

219 2474 235 2519 9
283 2462 327 2519 M.
358 2459 465 2518 Cicero
501 2458 533 2518 C.
567 2458 731 2519 Caesarem
766 2459 800 2517 in
834 2458 1027 2537 Capitolium
1061 2463 1284 2537 prosecutusao

244 2565 400 2624 somnium
424 2565 578 2642 pristinae
601 2564 703 2623 noctis
732 2563 942 2624 familiaribus
969 2565 1052 2624 forte
1079 2562 1244 2624 narrabat:

244 2690 376 2748 puerum
404 2669 485 2728 facie
513 2668 636 2728 liberali
664 2668 836 2728 demissum
861 2688 877 2729 e
903 2669 988 2729 eaelo
1016 2674 1125 2729 catena
1152 2687 1246 2728 aurea

244 2777 285 2835 ad
306 2775 389 2834 fores
412 2773 550 2850 Capitoli
571 2773 751 2833 constitisse
772 2774 863 2850 eique
882 2776 992 2834 lovem
1009 2774 1170 2850 flagellum
1186 2779 1247 2833 111

245 2879 379 2954 didisse;
409 2878 522 2938 deinde
550 2884 679 2955 repente
708 2879 852 2955 Augusto
880 2880 957 2954 vise,
982 2899 1076 2955 quem
1104 2878 1246 2955 ignotum

245 2984 403 3063 plerisque
424 2983 526 3043 adhuc
547 2984 719 3044 avunculus
745 2984 860 3044 Caesar
879 2985 920 3044 ad
942 2984 1180 3044 sacrificandum
1200 2997 1285 3043 aeas

246 3090 373 3165 civerat,
398 3089 567 3150 affirmavit
597 3090 702 3169 ipsum
731 3108 807 3150 esse·
826 3089 913 3150 cuius
943 3090 1046 3167 imago
1076 3089 1246 3150 secundum

245 3195 384 3271 quietem
406 3196 466 3255 sibi
487 3196 652 3255 obversata
673 3196 724 3254 111.

209 3313 238 3357 10
287 3301 430 3360 Sumenti
458 3302 582 3362 virilem
610 3307 716 3377 togam
744 3302 852 3361 tunica
879 3301 937 3361 lati
965 3300 1047 3361 clavi
1074 3307 1180 3361 resuta
1208 3319 1247 3359 ex

247 3411 379 3483 utraque
400 3411 490 3485 parte
511 3407 551 3466 ad
572 3407 667 3484 pedes
689 3406 816 3467 decidit.
858 3408 1001 3467 Fuerunt
1021 3407 1077 3484 qui
1097 3406 1248 3483 interpre-

247 3517 389 3571 tarentur
416 3531 479 3571 non
506 3511 592 3572 aliud
620 3511 796 3588 significare
824 3532 920 3590 quam
943 3519 980 3572 ut
1004 3512 1031 3571 is
1056 3512 1132 3573 ordo
1159 3511 1286 3572 cuiusce

248 3615 369 3693 insigne
384 3617 417 3676 id
431 3622 514 3677 esset
529 3617 715 3694 quandoque
729 3618 758 3677 ei
773 3617 975 3678 subiceretur.

210 3742 236 3785 11
287 3721 383 3799 Apud
410 3722 563 3781 Mundam
590 3721 692 3782 Divus
720 3722 823 3781 Iulius
853 3722 963 3783 castris
991 3721 1094 3782 locum
1122 3721 1248 3800 capiens
