2812 4140
444 267 555 318 cicun
579 267 616 316 11.
652 267 764 318 orvus
788 266 979 318 anousros
1150 253 1213 317 105

213 438 306 500 turba
326 439 498 517 multisque
519 439 691 500 luminibus
713 439 918 517 frequentari,
943 458 1069 499 versum
1094 458 1215 516 compo

213 545 309 604 situm
325 563 363 604 ex
377 549 518 622 tempore
533 545 615 604 clare
629 544 864 622 pronuntiavit:

400 703 527 762 Κτίστου
547 701 576 761 δὲ
597 703 707 778 τύμβον
726 704 825 780 εἰσορῶ
846 705 1028 781 πυρούμενον·

215 879 443 938 conversusque
464 861 505 921 ad
526 860 740 938 Thrasyllum,
756 861 864 921 Tiberi
879 861 1025 920 comitem
1045 867 1154 922 contra
1169 879 1216 921 ac

215 967 380 1026 cubantem
401 971 434 1025 et
454 967 599 1042 ignarum
619 967 675 1041 rei,
693 967 900 1043 interrogavit
921 967 1084 1027 cuiusnam
1105 971 1240 1044 poetaes

214 1076 341 1149 putaret
355 1089 441 1146 esse;
462 1090 524 1148 quo
538 1071 715 1130 haesitante
730 1071 864 1131 subiecit
877 1072 992 1131 alium:

417 1225 503 1307 Ὁρᾷς
525 1210 644 1304 φάεοσι.
655 1231 822 1310 Μασγάβαν
842 1231 1011 1306 τιμώμενονς

214 1407 251 1449 ac
274 1389 314 1448 de
338 1389 397 1448 hoc
421 1409 544 1467 quoque
569 1389 735 1451 consuluit.
778 1389 858 1450 Cum
885 1389 940 1449 ille
960 1388 1041 1448 nihil
1066 1389 1152 1449 aliud
1174 1407 1219 1449 re·

216 1495 385 1585 sponderet
423 1514 517 1572 quarn
557 1496 779 1572 cuiuscumque
818 1501 924 1554 essent
963 1494 1100 1572 optimos
1140 1476 1218 1569 esset

142 1644 143 1647 =
192 1586 402 1664 stdchinnum
430 1600 561 1660 sustulit
588 1607 683 1677 atque
711 1601 744 1658 in
772 1600 855 1659 iocos
884 1600 1002 1659 effusus
1031 1605 1088 1659 est.
1142 1601 1217 1658 Mox
1228 1616 1257 1660 10

216 1705 383 1783 Neapolim
411 1705 536 1765 traiecit
563 1724 743 1782 quanquam
771 1705 867 1764 etiam
891 1710 961 1764 tum
985 1704 1119 1764 infirmis
1142 1704 1219 1763 inte·

217 1810 308 1870 stinis
328 1811 436 1870 morbo
451 1811 610 1895 variante3
633 1816 738 1870 tamen
758 1816 790 1869 et
808 1810 1042 1887 quinquennale
1061 1816 1218 1869 certamen

216 1917 397 1994 gymnicum
420 1917 532 1977 honori
563 1936 619 1976 suo
643 1916 827 1976 institutum
852 1916 1067 1995 perspectavit
1091 1920 1123 1976 et
1148 1935 1218 1976 cum

217 2021 342 2081 Tiberio
356 2022 397 2081 ad
410 2022 604 2081 destinatum
615 2021 718 2080 locum
730 2021 901 2082 contendit.
943 2022 1004 2082 Sed
1016 2022 1049 2080 in
1060 2021 1218 2081 redeundo

216 2127 387 2204 adgravata
414 2127 589 2186 ualitudine
617 2128 744 2187 tandem
773 2128 875 2188 Nolae
903 2127 1068 2188 succubuit
1098 2144 1219 2185 revoca
1228 2137 1257 2183 ro

217 2239 345 2310 tumque
360 2252 398 2292 ex
413 2232 525 2292 itinere
540 2233 702 2292 Tiberium
716 2233 771 2293 diu
786 2240 906 2294 secreto
921 2251 1062 2293 sermone
1079 2230 1218 2292 detinuit

215 2357 316 2415 neque
331 2343 403 2415 post
417 2338 475 2396 ulli
487 2338 600 2398 maiori
615 2340 741 2415 negotio
754 2339 896 2399 animum
909 2336 1165 2398 accommodarit,
1206 2398 1210 2408 ,

159 2454 194 2504 99
257 2444 408 2521 Supremo
428 2444 480 2503 die
508 2444 681 2503 identidem
705 2444 873 2522 exquirens
898 2463 938 2502 an
963 2443 1026 2501 iam
1054 2442 1093 2501 de
1114 2459 1147 2500 se
1172 2446 1219 2500 tu-

217 2548 334 2626 multus
350 2549 427 2608 foris
445 2555 537 2625 esset,
555 2550 656 2627 petito
678 2550 805 2628 speculo
827 2549 976 2626 capillum
998 2547 1059 2606 sibi
1081 2546 1161 2605 comi
1181 2565 1218 2606 ac

217 2650 315 2715 malas
329 2655 471 2715 labantes
486 2655 599 2731 corrigi
614 2656 775 2733 praecepit
792 2660 824 2715 et
842 2655 996 2714 admissos
1016 2652 1132 2712 amicos
1151 2664 1256 2728 por-ao

217 2766 360 2821 cantatus
402 2762 542 2838 ecquid
582 2761 632 2820 iis
672 2761 879 2821 videretur
918 2759 1073 2817 mimum
1110 2757 1217 2817 vitae

217 2866 412 2925 commode
440 2866 696 2942 transegisse,
718 2865 834 2925 adiecit
855 2871 888 2924 et
909 2864 1096 2924 clausulam:

383 3022 461 3084 Ἐπεὶ
475 3023 504 3083 δὲ
518 3025 590 3084 πάνυ
604 3027 692 3086 καλῶς
707 3023 867 3097 πέπαισται,
882 3022 945 3082 δότε
959 3023 1059 3100 κρότον

398 3131 442 3190 καὶ
456 3133 555 3193 πάντες
570 3131 642 3206 ἡμᾶς
656 3133 726 3206 μετὰ
739 3136 827 3210 χαρᾶς
840 3128 1031 3208 προπέμψατε.

217 3288 369 3350 Omnibus
391 3291 504 3350 deinde
526 3290 676 3365 dimissis,
697 3289 772 3349 dum
795 3288 999 3349 advenientes
1022 3287 1062 3346 ab
1080 3285 1157 3345 urbe
1180 3285 1257 3348 deas

216 3395 313 3454 Drusi
339 3395 406 3455 filia
432 3414 526 3471 aegra
554 3397 735 3471 interrogat,
758 3399 887 3472 repente
912 3394 946 3452 in
967 3391 1081 3452 osculis
1110 3390 1219 3450 Liviae

216 3506 249 3559 et
283 3500 317 3558 in
350 3501 408 3560 hac
435 3520 510 3561 voce
545 3502 678 3562 defecitss
715 3500 841 3576 Livia,
876 3498 1007 3559 nostri
1043 3495 1220 3571 coniugii

217 3624 357 3664 memor
385 3605 484 3682 vive,
513 3626 555 3666 ac
584 3607 688 3666 vale!
731 3605 860 3665 sortitus
886 3605 1006 3664 exitum
1034 3602 1161 3662 facilem
1189 3605 1221 3661 et

193 3710 342 3787 aqualem
362 3729 485 3789 semper
506 3716 679 3789 optaverat.
721 3712 805 3771 Nam
826 3709 893 3770 fere
914 3709 1059 3787 quotiens
1080 3707 1222 3768 audisset
