2812 4140
478 284 635 336 1111111.
672 284 784 336 nrvus
807 285 930 336 ruerus
1163 270 1206 338 45

205 455 335 518 insidias
356 457 496 534 undique
517 455 712 516 imminentis
734 454 839 516 subire
860 456 956 517 semel
977 475 1072 534 quam
1096 477 1206 518 cavere

206 561 424 622 ...solitum
452 560 576 620 ferunt:
605 580 683 620 non
707 565 788 620 tam
808 579 879 621 sua
899 580 1015 639 quam
1037 562 1097 621 rei
1118 564 1207 641 pub

205 666 311 726 licae
339 665 546 726 interesse
569 665 634 725 uti
654 665 795 725 salvus
821 674 944 728 esset:
969 687 1008 727 se
1033 669 1108 726 iam
1133 666 1208 742 pri·

205 772 291 831 dem
312 771 528 849 potentiae
552 770 792 848 gloriaeque
815 770 973 832 abunde
998 772 1207 850 adeptum3

206 896 285 936 rem
319 876 533 962 publicam,
559 876 593 936 si
624 876 721 953 quid
743 876 826 936 sibi
854 876 1051 952 eveniret,
1079 888 1231 955 nequeo

206 982 387 1060 quietam
414 982 502 1041 fore
524 986 564 1041 et
590 981 808 1058 aliquanto
839 981 1049 1041 deteriore
1078 982 1209 1041 condi·

206 1088 322 1148 cione
344 1087 492 1147 civilia
512 1087 623 1147 bella
645 1085 886 1146 subituram.

147 1193 181 1244 87
246 1194 332 1253 Illud
347 1194 440 1272 plane
451 1193 535 1252 inter
549 1211 655 1252 omnes
670 1192 737 1252 fere
753 1191 906 1267 constitit,
920 1191 1017 1252 talem
1031 1192 1061 1252 ei
1075 1198 1208 1253 mortem

206 1318 304 1378 paene
332 1318 370 1358 ex
395 1298 552 1358 sententia
575 1297 734 1373 obtigisse.
777 1298 862 1357 Nam
886 1302 918 1357 et
943 1298 1111 1374 quondam,
1137 1318 1208 1358 cum

206 1405 290 1481 apud
317 1404 560 1482 Xenophontem
587 1403 717 1479 legisset
745 1402 864 1481 Cyrum
891 1402 1005 1462 ultima
1033 1402 1208 1464 valitudine
1219 1417 1247 1464 ιο

207 1509 371 1569 mandasse
393 1509 546 1585 quaedam
567 1508 606 1567 de
631 1508 741 1567 funere
763 1526 828 1582 suo,
850 1513 1038 1585 aspernatus
1060 1514 1126 1568 tam
1146 1508 1210 1568 len·

207 1621 276 1674 tum
291 1614 401 1673 mortis
419 1632 516 1690 genus
535 1612 671 1672 subitam
686 1612 747 1671 sibi
762 1613 956 1690 celeremque
974 1618 1156 1691 optaverat3
1177 1617 1210 1673 et

207 1720 309 1799 pridie
331 1738 426 1797 quam
446 1718 648 1792 occideretur,
670 1717 704 1777 in
725 1736 867 1777 sermone
889 1723 964 1778 nato
985 1736 1080 1796 super
1101 1737 1210 1778 cenam

177 1807 179 1810 Α
207 1826 291 1904 apud
312 1827 455 1884 Marcum
476 1823 632 1901 Lepidum
653 1822 799 1899 quisnam
824 1828 907 1883 esset
930 1823 1003 1883 finis
1025 1824 1110 1884 vitae
1132 1842 1211 1884 com·

208 1930 418 2004 modissimus‚
433 1928 633 2007 repentinum
647 1928 909 2006 inopinatumque
923 1929 1126 2006 praetulerat.
1219 1945 1248 1992 15

149 2035 185 2086 88
247 2034 348 2095 Periit
367 2039 457 2094 sexto
474 2039 506 2093 et
525 2032 808 2110 quinquagensimo
826 2033 941 2093 aetatis
960 2052 1043 2094 111110
1061 2040 1157 2112 atque
1176 2035 1210 2094 in

207 2141 336 2201 deorum
350 2158 515 2199 numerum
526 2139 643 2198 relatus
655 2143 714 2213 est,
725 2157 789 2197 11011
797 2157 850 2198 011
861 2139 953 2198 modo
965 2139 1209 2216 decernentium,

208 2247 263 2306 sed
284 2251 317 2306 et
337 2244 538 2323 persuasione
559 2243 653 2320 volgi.
697 2243 860 2320 Siquidem
880 2243 964 2304 ludis
990 2263 1068 2322 quos
1091 2245 1209 2323 primos

208 2356 387 2412 consecrato
408 2349 437 2409 ei
461 2349 551 2408 heres
574 2350 736 2425 Augustus
761 2348 874 2408 edebat
898 2348 992 2409 stella
1017 2349 1130 2410 crinita
1154 2368 1211 2429 per

207 2462 330 2535 septem
350 2455 514 2515 continuos
535 2454 603 2515 dies
624 2454 726 2527 fulsit,
748 2453 891 2513 exoriens
911 2453 993 2514 circa
1013 2455 1249 2515 undecimamao

206 2563 324 2634 horam,
341 2559 556 2636 creditumque
574 2564 622 2618 est
640 2558 778 2618 animam
795 2576 863 2618 esse
883 2557 1025 2618 Caesaris
1040 2559 1073 2617 in
1090 2559 1211 2619 eaelum

207 2666 343 2745 recepti3
365 2670 397 2725 et
409 2665 468 2725 hac
482 2665 521 2724 de
536 2682 629 2724 causa
642 2663 808 2723 simulacro
823 2663 890 2722 eius
904 2663 938 2722 in
951 2663 1069 2724 vertice
1083 2664 1211 2725 additur

207 2773 307 2833 stella.

247 2877 374 2938 Curiam
401 2877 434 2934 in
458 2895 520 2953 qua
544 2874 664 2935 occisus
693 2879 742 2934 est
768 2873 889 2933 obstrui
919 2873 1040 2952 placuit
1070 2874 1211 2953 Idusque

206 2983 339 3043 Martias
367 2980 577 3041 Parricidium
603 2978 760 3039 nominari
786 2998 822 3039 10
849 2998 889 3040 ne
916 2999 1067 3056 umquam
1094 2999 1131 3040 eo
1158 2980 1249 3042 dieat

206 3093 332 3148 senatus
346 3092 498 3163 ageretur.
1170 3147 1171 3150 Ἴ

147 3201 183 3252 89
245 3195 591 3253 Percussorumautem
611 3192 678 3251 fere
696 3210 798 3268 neque
812 3191 949 3251 triennio
962 3191 1130 3270 quisquam
1148 3211 1211 3254 am·

206 3299 289 3377 plius
310 3298 486 3377 supervixit
506 3316 608 3374 neque
627 3316 683 3357 sua
705 3302 805 3357 morte
826 3296 995 3356 defrmctus
1015 3303 1072 3358 cst.
1117 3299 1210 3359 Dam-

108 3387 115 3408 ⁸
205 3404 273 3465 nati
295 3422 402 3463 omnes
424 3402 505 3463 alius
527 3402 591 3462 alio
614 3420 687 3461 (asu
709 3401 814 3478 periit,
837 3420 910 3479 pars
934 3402 1111 3479 naufragio,
1136 3423 1209 3481 pars

206 3509 341 3587 proelio;
359 3507 503 3568 nonnulli
518 3511 618 3567 semet
631 3507 740 3566 eodem
754 3505 810 3566 illo
824 3506 959 3584 pugione
970 3526 1033 3585 quo
1044 3508 1209 3569 Caesarem
1218 3523 1247 3569 30

205 3614 401 3674 violaverant
423 3613 657 3673 interemenmt.
