2812 4140
390 293 415 328 4
480 264 590 315 mens
614 264 637 316 1.
671 243 786 328 'uivus
809 265 932 327 iunius
1168 254 1209 318 33

208 436 375 512 Scitote,
398 437 511 515 inquit,
533 438 799 516 paucissimis
821 438 885 498 his
909 437 1053 498 diebus
1076 457 1209 516 regern

206 541 446 602 adfuturum
468 562 553 602 cum
583 545 718 604 decem
748 541 995 620 legionibus,
1025 543 1208 620 equitum

208 646 396 723 triginta,
434 648 543 708 levis
573 654 805 709 armaturae
838 654 998 708 centum
1030 648 1207 726 milibus,

208 753 448 830 elephantis
467 755 679 814 trecentis.
721 753 899 813 Proinde
916 753 1109 814 desinant
1130 755 1209 832 qui-

207 858 293 918 dam
310 878 507 936 quaerere
523 860 720 920 ultraaut
744 859 907 938 opinari
929 860 1119 937 mihique,
1140 861 1232 938 quio

207 970 456 1042 compertum
473 963 608 1040 habeo,
627 965 815 1041 credant3
835 970 905 1025 aut
926 965 1087 1042 quidem
1104 971 1210 1026 vetu-

207 1069 394 1130 stissima
424 1089 524 1130 nave
555 1070 773 1149 impositos
810 1089 1057 1148 quocumque
1087 1076 1209 1131 vento

207 1174 247 1233 in
268 1194 541 1252 quascumque
563 1181 696 1235 terras
717 1174 863 1236 iubebo
883 1175 1010 1236 avehi.

148 1283 183 1334 67
245 1281 371 1340 Delicta
403 1299 504 1358 neque
537 1279 724 1341 observabat
756 1281 861 1341 omnia
890 1300 990 1358 neque
1027 1300 1085 1358 pro
1118 1281 1209 1340 modo

207 1386 428 1467 exequebatur,
463 1387 519 1446 sed
555 1386 753 1446 desertorum
785 1406 822 1445 ae
851 1385 1072 1446 seditiosorum
1100 1391 1132 1446 et
1166 1386 1211 1444 in-
1220 1404 1248 1448 10

118 1574 120 1578 Ι
207 1491 341 1568 quisitor
357 1497 390 1550 et
410 1491 539 1569 punitor
567 1491 736 1552 acerrimus
759 1490 924 1551 conivebat
943 1491 977 1549 in
999 1490 1119 1551 ceteris.
1163 1490 1210 1549 Ac

206 1615 442 1674 nonnumquam
472 1603 545 1674 post
576 1615 722 1672 magnam
751 1615 889 1674 pugnam
919 1601 1014 1673 atque
1044 1595 1210 1656 victoriam

120 1747 124 1752 .
207 1702 337 1760 remisso
372 1702 544 1761 officiorum
578 1721 705 1762 munere
740 1701 901 1762 licentiam
938 1720 1062 1762 omnem
1092 1701 1210 1779 passim

206 1807 392 1867 lasciviendi
417 1808 632 1884 permittebat,
655 1807 773 1867 iactare
797 1807 909 1866 solitus
935 1806 1095 1866 milites
1118 1825 1210 1866 suos
1310 1829 1313 1834 ·

182 1913 329 1973 aetiam
346 1909 951 1989 unguentatos'benepugnare
972 1930 1100 1989 posse.
1143 1912 1249 1973 Necm

207 2018 324 2077 milites
350 2037 402 2078 eos
424 2038 481 2096 pro
503 2018 657 2093 contione,
680 2017 735 2077 sed
755 2017 918 2077 blandiore
939 2017 1065 2076 nomine
1087 2017 1211 2076 commi·

207 2123 321 2182 litones
342 2123 525 2201 appellabat
545 2121 743 2200 habebatque
765 2128 831 2182 tam
851 2123 951 2182 cultos
971 2128 1008 2181 ut
1026 2127 1157 2198 argento
1178 2128 1211 2183 et

207 2248 283 2287 auro
303 2229 413 2306 politis
434 2229 531 2288 armis
553 2233 688 2303 ornaret,
710 2227 805 2287 simul
827 2229 915 2287 etad
938 2228 1074 2304 speciem
1096 2232 1128 2287 et
1148 2247 1210 2304 quo

208 2333 380 2393 tenaciores
395 2352 502 2393 eorum
516 2333 551 2392 in
567 2332 687 2411 proelio
706 2338 812 2393 essent
830 2338 916 2392 metu
934 2333 1050 2392 damni.
1093 2332 1211 2408 Dilige-

207 2439 262 2499 bat
275 2457 398 2516 quoque
412 2458 512 2515 usque
526 2439 604 2498 adeo
618 2443 654 2498 ut
667 2438 777 2498 audita
792 2437 879 2496 clade
899 2437 1065 2496 Tituriana
1081 2436 1211 2497 barbam
1220 2453 1250 2498 20

208 2544 419 2621 capillumque
460 2543 654 2603 summiserit
693 2561 750 2602 neo
787 2547 861 2602 ante
901 2542 1076 2618 dempserit
1115 2561 1211 2618 quam

207 2648 408 2709 vindicasset.

148 2763 185 2813 68
247 2753 366 2824 Quibus
389 2754 480 2814 rebus
503 2760 535 2815 et
555 2754 776 2814 devotissimos
798 2752 859 2813 sibi
881 2758 913 2813 et
933 2752 1123 2813 fortissimos
1146 2752 1212 2813 red-

207 2859 297 2918 didit.
354 2861 502 2934 Ingresso
538 2860 630 2918 civile
668 2859 787 2918 bellum
823 2857 1020 2917 centuriones
1061 2857 1211 2934 cuiusque

207 2964 339 3040 legionis
362 2964 501 3039 singulos
525 2965 647 3041 equites
669 2984 686 3024 e
710 2964 825 3023 viatico
847 2982 903 3022 suo
931 2963 1125 3040 optulerunt,
1146 2963 1251 3025 uni-25

208 3070 291 3129 versi
319 3069 437 3128 milites
458 3070 631 3145 gratuitam
652 3076 684 3130 et
713 3070 780 3128 sine
801 3070 962 3128 frumento
992 3069 1212 3146 stipendioque
1300 3110 1303 3114 -

207 3195 343 3253 operam,
359 3194 429 3234 cum
451 3175 630 3235 tenuiorum
644 3175 777 3235 tutelam
798 3174 1020 3252 locupletiores
1035 3174 1069 3233 in
1091 3193 1123 3234 se
1145 3194 1213 3234 oon·
1278 3187 1280 3191 '

208 3280 364 3341 odissent.
427 3281 539 3358 Neque
567 3281 600 3339 in
628 3286 694 3340 tam
729 3280 879 3339 diuturno
914 3279 1017 3357 spatio
1045 3279 1213 3356 quisquam

207 3385 335 3445 omnino
368 3387 512 3462 descivit,
543 3386 685 3465 plerique
720 3385 805 3463 capti
840 3362 1018 3445 concessam
1059 3384 1120 3444 sibi
1155 3384 1213 3444 sub
1324 3424 1327 3432 ι

208 3492 389 3551 condicione
424 3493 523 3553 vitam
558 3494 585 3552 si
623 3493 760 3552 militare
797 3492 948 3551 adversus
988 3510 1059 3550 eum
1094 3490 1252 3550 vellent30

184 3603 401 3657 arecusarunt.
444 3599 574 3656 Famem
601 3603 633 3657 et
661 3603 780 3658 ceteras
808 3597 1022 3681 necessitates,
1051 3614 1114 3654 non
1143 3614 1212 3654 cum

208 3701 427 3762 obsiderentur
448 3702 540 3760 modo
562 3702 664 3760 sedet
686 3701 712 3759 si
734 3702 797 3778 ipsi
817 3702 896 3761 alios
918 3700 1108 3775 obsiderent,
1124 3705 1213 3760 tanto
