2812 4140
189 235 230 299 20
272 246 301 298 c.
328 245 485 298 surrour
508 246 735 310 russonum
758 247 808 296 nu
832 248 922 298 vrrs
945 247 1147 299 osusnsuu

186 419 288 497 stirpe
299 419 457 496 praetoria
470 423 503 478 et
516 419 551 488 Q.
564 419 721 497 Calpenus
735 425 862 479 senator
872 420 1030 496 quondam
1043 425 1191 498 actorque

190 543 361 584 causarum.
403 524 590 602 Pyrricham
617 525 814 585 saltaverunt
838 524 933 585 Asiae
959 525 1191 603 Bithyniaeque

189 628 369 707 principum
389 628 490 690 liberi.
512 626 632 689 ‘Ludis
660 629 810 689 Decimus
835 629 987 690 Laberius
1012 649 1107 707 eques
1132 632 1214 693 Ros

189 753 300 795 manus
312 733 442 793 mimum
451 754 543 795 suum
554 721 624 811 egit¹
632 735 829 812 donatusque
840 735 1021 812 quingentis
1036 735 1190 796 sestertiis

164 844 226 900 set
247 839 341 899 anulo
363 859 457 900 aureo
480 859 602 900 sessum
626 841 660 899 in
684 842 937 918 quattuordecim
962 861 978 901 e
1001 860 1113 902 scaena
1135 860 1191 920 per

188 944 381 1005 orchestram
396 945 532 1005 transiit.
575 945 774 1006 Circensibus
789 946 893 1025 spatio
908 947 982 1006 circi
1001 947 1042 1007 ah
1058 952 1191 1024 utraque

188 1054 279 1127 parte
306 1050 459 1127 producto
486 1056 518 1109 et
546 1050 580 1109 in
607 1070 720 1128 gyrum
748 1051 857 1129 euripo
885 1051 994 1110 addito
1022 1051 1190 1128 quadrigas

188 1153 339 1232 bigasque
366 1161 398 1214 et
426 1173 521 1232 equos
555 1156 743 1216 desultorios
767 1157 972 1232 agitaverunt
1002 1156 1191 1216 nobilissimi

188 1260 326 1320 iuvenes.
360 1259 505 1320 Troiam
526 1243 605 1320 lusit
632 1266 737 1320 turma
766 1261 884 1338 duplex
915 1261 1068 1322 maiorum
1096 1261 1191 1320 mino

150 1378 320 1442 lorumque
341 1385 518 1443 puerorum.
561 1367 752 1426 Venationes
772 1367 876 1427 editae
894 1387 951 1445 per
970 1368 1037 1427 dies
1052 1367 1214 1444 quinques

188 1489 224 1530 ac
238 1470 408 1530 novissime
419 1490 526 1549 pugna
540 1471 643 1530 divisa
657 1470 691 1529 in
705 1471 783 1531 duas
794 1472 886 1546 acies,
898 1472 1065 1549 quingenis
1080 1472 1192 1549 pediti-

188 1575 256 1650 bus,
278 1575 454 1652 elephantis
477 1576 606 1650 vicenis,
628 1576 756 1635 tricenis
782 1577 940 1653 equitibus
965 1577 1038 1636 hinc
1062 1581 1095 1637 et
1118 1577 1191 1636 inde

189 1682 372 1741 commissis.
415 1684 499 1742 Nam
514 1702 575 1759 quo
590 1682 692 1742 laxius
706 1682 920 1758 dimicaretur,
934 1683 1075 1743 sublatae
1090 1689 1191 1743 metae

188 1787 283 1863 inque
306 1806 412 1847 earum
435 1786 538 1847 locum
563 1787 637 1847 bina
662 1794 764 1847 castra
788 1788 993 1847 exadversum
1019 1789 1192 1848 constituta

149 1906 178 1952 15
188 1897 286 1951 erant.
328 1891 479 1951 Athletae
490 1893 593 1952 stadio
607 1893 647 1952 ad
662 1898 787 1970 tempus
802 1899 945 1952 extructo
956 1892 1082 1968 regione
1093 1893 1191 1952 Marti

189 1995 291 2074 campi
303 2002 502 2057 certaverunt
513 2017 569 2073 per
580 1998 729 2057 triduum.
771 1998 887 2056 Navali
898 1997 1017 2076 proelio
1028 1997 1061 2054 in
1071 1998 1214 2062 minores
1252 2001 1256 2010 '

188 2102 306 2162 Codeta
324 2102 451 2161 defosso
468 2102 538 2162 lacu
555 2103 688 2162 biremes
706 2122 742 2162 ac
757 2102 900 2162 triremes
914 2102 1190 2179 quadriremesque

188 2207 302 2285 Tyriae
319 2212 351 2266 et
368 2207 546 2284 Aegyptiae
566 2208 674 2267 classis
697 2227 810 2283 magno
831 2213 1040 2284 pugnatorum
1060 2226 1190 2266 numero

187 2311 402 2372 conflixerunt.
445 2312 497 2371 Ad
512 2332 591 2390 quae
605 2313 710 2372 omnia
724 2313 903 2390 spectacula
916 2318 1040 2371 tantum
1051 2313 1189 2389 undique

148 2432 178 2478 ao
188 2416 338 2477 confluxit
348 2417 511 2476 hominum
523 2424 558 2476 ut
572 2418 715 2494 plerique
726 2417 865 2477 advenae
876 2422 931 2476 aut
945 2417 1028 2476 inter
1038 2418 1123 2476 vicos
1134 2423 1190 2477 aut

187 2521 344 2581 intervias
356 2521 566 2580 tabernaculis
576 2521 688 2598 positis
697 2527 859 2580 manerent
866 2538 902 2580 ac
910 2539 1003 2597 saepe
1013 2540 1089 2597 prae
1098 2520 1190 2580 turba

187 2626 258 2686 elisi
274 2626 507 2703 exanimatique
525 2627 589 2685 sint
609 2625 739 2702 plurimi
760 2632 793 2685 et
814 2626 847 2683 in
868 2625 917 2684 his
936 2626 998 2683 duo
1021 2631 1187 2685 senatores.

227 2730 403 2791 Conversus
428 2731 502 2789 hinc
525 2732 566 2790 ad
591 2730 800 2789 ordinandum
825 2730 870 2789 rei
895 2730 1039 2806 publicae
1061 2736 1188 2804 statum,
1211 2746 1248 2796 40

188 2835 287 2895 fastos
311 2836 446 2895 correxit
468 2836 676 2912 iampridem
699 2835 777 2893 vitio
804 2834 989 2913 pontificum
1016 2854 1072 2913 per
1097 2835 1190 2894 inter-

149 2939 310 3001 aucalandi
344 2941 505 3000 licentiam
539 2941 617 3000 adeo
655 2940 798 2999 turbatos
834 2946 869 2999 ut
904 2959 1005 3016 neque
1040 2940 1188 2999 messium

187 3043 286 3104 feriae
312 3051 432 3106 aestate
467 3065 569 3122 neque
597 3046 827 3105 vindemiarum
862 3051 1013 3104 autumno
1048 3050 1189 3122 conpete-

187 3154 278 3225 rent;
298 3169 477 3228 annumque
497 3151 538 3210 ad
561 3169 686 3210 cursum
709 3150 784 3208 solis
805 3149 1063 3224 accommodavit,
1077 3156 1114 3209 ut
1131 3156 1190 3209 tre-

187 3260 348 3314 centorum
363 3256 527 3331 sexaginta
545 3256 685 3333 quinque
702 3255 826 3313 dierum
840 3260 925 3314 esset
944 3260 976 3313 et
990 3255 1189 3314 intercalario

187 3379 293 3420 mense
321 3361 446 3421 sublato
472 3380 553 3420 unus
588 3361 655 3420 dies
690 3366 802 3437 quarto
836 3379 961 3436 quoque
987 3379 1069 3419 anno
1096 3361 1190 3420 inter-

149 3465 351 3528 scalaretur.
393 3467 461 3536 Quo
481 3472 588 3526 autem
609 3464 709 3541 magis
732 3465 948 3542 inposterum
970 3484 1008 3524 ex
1032 3466 1212 3525 Kalendis2

185 3571 343 3631 Ianuariis
370 3571 461 3631 novis
490 3577 668 3648 temporum
696 3569 776 3629 ratio
801 3575 994 3646 congrueret,
1020 3570 1103 3631 inter
1127 3571 1189 3630 No

186 3676 346 3737 vembrem
366 3695 403 3736 ac
423 3676 627 3736 Decembrem
649 3693 788 3735 mensem
810 3674 968 3736 interiecit
990 3676 1068 3735 duos
1093 3675 1188 3750 alios,
