2812 4140
509 242 656 293 marrcr
682 244 759 292 Ara
783 243 895 294 srrrrr
1132 232 1254 296 xxxvii

188 413 236 494 (2)
260 413 328 475 ‘On
342 413 396 474 the
411 414 502 474 other
516 414 600 474 hand
611 415 618 444 '
630 437 635 474 :

193 543 351 595 Simultates
363 548 458 595 cantra
476 581 482 595 .
503 581 510 595 .
531 581 538 594 .
559 546 667 606 excepit,
680 545 738 595 Jul.
752 544 793 596 78.

188 665 209 720 i.
239 662 306 721 De:

191 808 237 889 (1)
260 809 322 867 For
336 807 391 868 the
405 828 490 869 more
505 809 595 870 usual
610 830 664 870 ea:

190 939 223 989 de
239 939 383 1002 Cleopatra
394 941 496 1003 liberis,
508 941 579 1002 Aua.
595 940 635 991 17.
646 943 669 990 1.

190 1087 236 1167 (2)
259 1087 300 1146 In
312 1086 515 1148 abbreviated
530 1089 745 1167 expressions:

192 1222 304 1280 tropaea
323 1219 376 1268 Gai
395 1219 472 1269 Mari
489 1221 520 1270 de
537 1220 677 1280 Juaurtlra
696 1221 778 1282 deque
800 1220 915 1270 Cimbris
937 1223 1015 1281 atque
1038 1220 1173 1280 Teutanis,
1191 1218 1249 1269 Jul.

149 1302 179 1350 11
192 1318 198 1362 ;
212 1301 362 1362 praecipua
372 1301 487 1351 militiae
500 1303 560 1352 laus
572 1303 603 1352 de
616 1305 671 1352 tam
683 1302 777 1351 inbelli
789 1315 884 1362 acuere
897 1301 1024 1362 hostium,
1036 1300 1095 1353 Jul.
1108 1301 1150 1351 35.
1159 1303 1184 1350 2.

182 1406 209 1477 j.
237 1405 309 1463 En:

105 1600 107 1602 ,
191 1549 237 1630 (1)
259 1549 452 1628 Equiwalent
466 1557 499 1611 to
508 1560 596 1627 past:

191 1706 223 1744 m
227 1696 361 1755 praetura
365 1693 546 1755 proficiscens,
557 1694 614 1743 Jul.
627 1694 657 1743 71
670 1711 676 1754 ;
695 1694 736 1743 Ea
744 1697 877 1754 praetura
895 1730 900 1742 .
923 1730 928 1743 .
951 1730 957 1743 .
977 1694 1099 1754 sortitus,
1108 1691 1180 1752 Aua.
1191 1692 1215 1742 3.
1227 1692 1250 1742 1.

190 1839 237 1920 (2)
260 1840 300 1898 In
313 1840 474 1900 adverbial
489 1840 636 1918 phrases:

191 1971 320 2021 ediverso
340 1970 383 2036 (=
395 1971 515 2034 eontra),
533 1970 592 2020 Jul.
613 1972 653 2019 86.
664 1972 697 2032 2;
716 1983 746 2019 er
765 1971 912 2031 inprovisa,
930 1969 1001 2030 Aua.
1023 1970 1063 2020 16.
1074 1969 1108 2032 3;
1131 1981 1162 2018 ea
1181 1979 1254 2018 acca-

148 2054 225 2103 sione
238 2053 281 2119 (=
293 2055 431 2104 omasum
443 2054 534 2117 data),
547 2052 605 2102 Jul.
621 2054 661 2102 66.

187 2179 216 2237 lr.
246 2179 304 2238 In:

192 2309 237 2390 (1)
260 2307 352 2368 With
367 2309 421 2369 the
435 2309 630 2369 accusative:

192 2440 237 2519 (a)
261 2440 307 2498 Το
321 2458 449 2517 express
464 2439 576 2515 design
590 2458 625 2497 cr
639 2457 784 2516 purpose,
804 2467 834 2491 =
847 2443 888 2499 ad
896 2460 906 2499 .·

191 2563 222 2612 iu
232 2560 312 2622 filiae
329 2563 497 2622 memoriam,
510 2561 568 2611 Jul.
583 2562 624 2610 26.
634 2563 650 2609 2
662 2579 668 2622 ;
688 2563 717 2609 ia
727 2562 861 2622 puerilem
879 2561 1011 2623 habitum,
1027 2562 1099 2624 Aua.
1117 2564 1158 2613 45.
1168 2563 1201 2627 4;
1219 2564 1253 2614 In

149 2645 345 2695 restitutionem
357 2644 504 2694 Palatinae
516 2644 620 2704 domus,
632 2644 704 2704 Aua.
719 2644 759 2694 57.
770 2645 793 2692 2.

192 2760 236 2841 (a)
260 2759 303 2819 of
316 2759 410 2824 time:

190 2884 221 2932 iu
239 2883 371 2944 reliquum
392 2884 460 2933 anni
480 2886 592 2943 tempus,
612 2882 670 2931 Jul.
692 2882 775 2943 14.2;
803 2883 832 2931 in
851 2885 941 2932 ternos
962 2884 1120 2934 navmsimcs
1141 2897 1252 2945 memes,

149 2966 209 3017 Jul.
224 2965 264 3015 76.
274 2968 307 3026 2;
325 2967 355 3015 in
367 2968 479 3026 nocam,
491 2964 561 3025 Aua.
576 2965 617 3014 33.
631 2966 643 3013 l
657 2982 663 3025 ;
683 2965 712 3012 in
724 2978 823 3024 serum,
836 2964 907 3026 Aua.
923 2965 963 3015 17.
973 2967 997 3014 2.

193 3089 234 3170 (c)
257 3088 352 3148 After
365 3088 555 3167 adjectiwes:

193 3211 315 3260 Pronum
327 3213 352 3260 et
363 3208 547 3273 sumptudsum
560 3212 589 3259 in
602 3211 736 3271 libidines,
750 3209 808 3259 lul.
822 3212 897 3261 661.

193 3358 239 3439 (2)
261 3356 353 3417 With
366 3357 420 3417 the
428 3355 588 3416 ablativa:

194 3497 240 3578 (a)
264 3496 308 3556 of
321 3496 407 3571 time,
423 3496 526 3556 where
541 3496 594 3555 the
608 3496 680 3556 best
694 3496 816 3556 writers
832 3497 935 3556 would
950 3497 1029 3558 omit
1042 3498 1086 3558 it:

192 3629 223 3678 in
240 3630 327 3678 aetate
338 3641 392 3689 qua
410 3628 465 3676 iam
482 3627 636 3676 Alexander
654 3663 660 3675 .
681 3663 687 3676 .
709 3663 715 3676 .
736 3628 890 3688 subepisset,
910 3627 967 3676 Jul.
988 3627 1055 3689 7.1;
1079 3630 1110 3677 in
1127 3629 1175 3679 illa
1193 3632 1256 3679 terrr-

153 3711 232 3775 paris
249 3711 347 3772 spatio,
365 3709 436 3770 Ana.
457 3709 541 3771 78.1;
559 3709 702 3772 especially
719 3710 749 3758 in
766 3709 875 3772 phrases
892 3709 945 3758 like
963 3710 997 3759 In
1014 3711 1166 3773 consulatu,
1181 3712 1252 3773 Aua.
