2812 4140
188 253 207 316 6
254 264 283 315 C.
310 263 467 314 sunTON1
490 263 717 326 TRANQUILLI
740 264 790 313 Du
815 263 904 313 VITA
928 264 1130 314 CAESARUM

186 436 255 514 pita
269 435 417 515 pecunias
432 455 470 496 ex
484 435 605 496 aerario
623 441 818 513 acceperant,
833 454 1024 513 quamquam
1043 442 1190 514 exceptos

186 541 328 602 Cornelis
342 541 474 618 legibus.

226 647 417 708 subornarit
430 647 527 714 etiam
541 647 596 724 qui
616 646 696 707 Gaio
716 645 845 706 Rabirio
863 638 1087 724 perduellionis
1105 646 1191 707 diem
1215 657 1249 708 12

185 752 313 828 diceret,
330 770 393 829 quo
409 752 578 830 praecipuo
597 752 740 812 adiutore
759 751 882 828 aliquot
900 758 973 812 ante
992 771 1091 812 annos
1113 752 1191 812 Luci

161 856 348 919 cSaturnini
369 856 556 917 seditiosum
576 856 774 921 tribunatum
797 862 924 915 senatus
946 862 1133 932 coercuerat,
1154 875 1191 917 ac

185 967 269 1023 sorte
290 962 384 1022 iudex
406 961 440 1020 in
461 981 550 1021 reum
570 962 683 1020 ductus
703 967 768 1021 tam
785 961 897 1038 cupide
914 961 1134 1022 condemnavit
1154 969 1191 1022 ut

184 1068 225 1128 ad
246 1067 398 1147 populum
420 1067 605 1146 provocanti
625 1066 706 1125 nihil
726 1085 825 1143 aeque
845 1084 883 1126 ac
903 1066 1015 1125 iudicis
1035 1067 1189 1127 acerbitas

184 1172 350 1250 profuerit.

225 1278 378 1355 Deposita
397 1277 576 1356 provinciae
598 1296 654 1355 spe
675 1277 894 1354 pontificatum
914 1277 1086 1337 maximum
1107 1277 1190 1356 petit
1214 1291 1248 1342 13

146 1398 247 1444 10non
259 1383 326 1442 sine
340 1382 561 1461 profusissima
575 1382 742 1458 largitione
754 1405 761 1456 3
782 1382 816 1440 in
830 1401 893 1459 qua
907 1386 1058 1459 reputans
1074 1383 1191 1458 magni-

185 1487 328 1548 tudinem
346 1487 428 1547 aeris
445 1487 551 1561 alieni,
573 1505 644 1546 oum
663 1505 753 1546 mane
772 1487 812 1547 ad
832 1487 959 1547 comitia
976 1487 1189 1562 descenderet,

185 1591 379 1671 praedixisse
391 1591 485 1652 matri
499 1591 655 1651 osculanti
669 1591 771 1651 fertur
785 1592 931 1650 domum
953 1610 990 1651 se
1010 1591 1087 1651 nisi
1107 1611 1190 1670 pon-

185 1697 337 1758 tificem
366 1716 438 1756 non
469 1715 718 1756 reversurum.
761 1697 868 1774 Atque
887 1697 933 1756 ita
951 1697 1188 1774 potentissimos

184 1802 263 1862 duos
282 1802 503 1880 competitores
523 1802 720 1879 multumque
740 1808 772 1861 et
790 1807 893 1862 aetate
913 1808 946 1861 et
964 1802 1119 1878 dignitate
1138 1821 1189 1862 an-

147 1922 176 1968 15
185 1908 364 1968 tecedentes
389 1906 551 1984 superavit
575 1912 612 1966 ut
637 1907 728 1984 plura
754 1906 821 1984 ipse
847 1907 881 1965 in
905 1926 1012 1966 eorum
1044 1907 1188 1968 tribubus

185 2011 336 2088 suffragia
356 2031 451 2089 quam
471 2018 606 2088 uterque
628 2011 661 2071 in
682 2011 826 2071 omnibns
848 2012 966 2072 tulerit.

134 2101 163 2167 'i
223 2118 356 2178 Praetor
381 2123 513 2192 creatus,
537 2116 663 2177 detecta
687 2117 901 2177 coniuratione
925 2117 1079 2179 Catilinae
1104 2138 1190 2179 sena
1215 2135 1248 2183 14

185 2228 283 2300 tuque
310 2221 457 2281 universo
485 2222 519 2280 in
547 2221 646 2281 socios
678 2221 827 2281 facinoris
856 2222 1001 2282 ultimam
1029 2227 1189 2283 statuente

185 2347 327 2407 poenam,
352 2327 437 2387 solus
459 2326 679 2404 municipatim
699 2326 885 2386 dividendos
908 2327 1189 2404 custodiendosque

146 2432 354 2511 acpublicatis
373 2432 464 2491 bonis
479 2431 610 2491 censuit.
653 2431 736 2500 Quin
750 2436 783 2492 et
801 2437 926 2490 tantum
945 2438 1063 2491 metum
1081 2432 1190 2492 iniecit

184 2538 344 2615 asperiora
358 2536 572 2610 suadentibus,
588 2535 761 2594 identidem
776 2540 939 2595 ostentans
956 2541 1074 2613 quanta
1088 2555 1140 2597 cos
1156 2537 1189 2595 in

185 2648 347 2720 posterum
360 2662 380 2702 a
394 2641 485 2720 plebe
505 2643 648 2700 Romana
665 2645 806 2699 maneret
826 2640 955 2715 invidia,
970 2647 1007 2700 nt
1023 2642 1189 2701 Decimum

186 2747 328 2808 Silanum
349 2747 509 2807 consulem
529 2745 730 2821 designatum
753 2764 816 2803 non
841 2745 979 2821 piguerit
1000 2747 1189 2806 sententiam

186 2871 284 2928 suam,
312 2852 386 2928 quia
416 2857 538 2928 mutare
569 2856 662 2927 turpe
690 2855 767 2925 erat,
798 2849 1058 2927 interpretatione
1090 2851 1189 2911 lenire
1269 2897 1272 2905 .

147 2958 274 3024 asvelut
294 2957 420 3034 gravius
438 2962 534 3033 atque
556 2956 625 3032 ipse
644 2955 795 3015 sensisset
816 2959 987 3032 exceptam.
1031 2955 1212 3016 Obtinuis-a

186 3069 234 3123 set
247 3063 335 3138 adeo,
346 3062 539 3122 transductis
555 3060 618 3121 iam
628 3060 669 3120 ad
682 3079 715 3119 se
730 3060 872 3137 pluribus
885 3066 918 3119 et
932 3060 965 3118 in
979 3060 1029 3120 his
1041 3060 1189 3120 Cicerone

186 3167 322 3228 consulis
344 3168 453 3242 fratre,
474 3165 536 3225 nisi
560 3165 721 3226 labantem
742 3165 885 3224 ordinem
907 3164 1122 3225 confirmasset
1143 3167 1187 3225 M.

185 3270 317 3333 Catonis
328 3272 437 3333 oratio.
480 3271 528 3331 Ac
544 3270 644 3331 nesio
661 3270 790 3346 quidem
809 3270 962 3347 impedire
981 3289 1046 3329 rem
1063 3271 1189 3331 destitit

185 3378 287 3456 quoad
312 3396 422 3438 manns
447 3376 590 3453 equitum
618 3376 830 3435 Romanorum
855 3394 935 3452 quae
959 3380 1080 3435 armata
1103 3394 1190 3454 prae-

147 3503 176 3548 ac
186 3483 259 3543 sidii
270 3502 363 3543 causa
374 3481 598 3542 circumstabat
611 3480 837 3540 inmoderatius
853 3481 1067 3556 perseveranti
1081 3500 1188 3541 necem

186 3580 374 3648 comminata
388 3592 446 3662 est,
461 3587 557 3647 etiam
572 3586 699 3645 strictos
716 3584 838 3660 gladios
855 3604 954 3661 usque
972 3604 1008 3645 eo
1027 3586 1188 3646 intentans
1263 3597 1270 3615 ยน

185 3698 222 3752 ut
236 3693 395 3753 sedentem
406 3711 470 3752 una
483 3690 620 3770 proximi
634 3689 840 3764 deseruerint,
852 3689 906 3748 vix
921 3690 1012 3766 pauci
1024 3691 1188 3767 complexu
