2812 4140
138 256 142 263 ·
181 240 222 306 36
264 250 294 303 o.
320 249 477 303 surroru
498 248 726 312 rassoumm
749 250 798 301 nn
824 251 911 301 vrrs
935 235 1138 302 cassurus

181 424 340 486 ciliatione
360 442 417 502 per
436 423 553 483 amicos
573 421 681 500 agenti
698 423 783 483 ultro
796 441 833 482 ac
847 421 933 500 prior
947 421 1083 500 scripsit.
1124 423 1184 483 Va·

93 510 98 517 ι
181 530 295 590 lerium
329 528 499 603 Catullum,
526 547 545 588 a
574 547 636 605 quo
670 527 732 587 sibi
764 527 929 587 versiculis
956 528 996 587 de
1023 529 1184 587 Mamurra

182 631 335 715 perpetua
362 634 512 710 stigmata
543 634 692 712 imposita
723 653 786 694 non
813 634 1078 709 dissimulaverat,
1106 633 1184 694 satis

182 742 352 802 facientem
372 740 481 800 eadem'
502 739 553 799 die
575 739 721 800 adhibuit
743 758 836 800 cenae
859 739 1060 817 hospitioque
1084 738 1184 817 patris

159 847 259 923 seius,
275 847 357 907 sicut
370 851 545 921 consuerat,
558 846 607 905 uti
621 845 843 923 perseveravit.

225 953 286 1014 Sed
304 957 336 1012 et
354 951 388 1009 in
408 951 589 1010 ulciscendo
610 956 723 1011 natura
743 951 924 1010 lenissimus
946 950 1065 1029 piratas
1083 970 1103 1011 a
1120 950 1187 1028 qui·
1208 959 1246 1010 74

183 1059 242 1119 bus
267 1062 381 1136 captus
406 1061 455 1116 est
482 1075 553 1115 cnm
580 1055 614 1114 in
641 1055 797 1116 dicionem
828 1055 1010 1132 redegisset,
1038 1056 1187 1132 quoniam

185 1162 369 1224 suffixumm
391 1180 424 1221 se
446 1161 530 1220 cruci
553 1166 627 1221 ante
651 1161 819 1236 iuraverat,
848 1161 984 1238 iugulari
1011 1161 1099 1238 prius
1128 1161 1188 1220 ius

185 1269 237 1344 sit,
262 1267 376 1327 deinde
403 1267 523 1343 suffigi3
551 1256 696 1326 Corirelio
723 1267 886 1342 Phagitae,
914 1266 1002 1325 cuius
1030 1266 1188 1351 quondam

148 1390 177 1434 10
185 1378 353 1432 nocturnas
379 1371 511 1432 insidias
535 1390 627 1447 aeger
651 1390 687 1430 ac
712 1371 814 1431 latens
839 1390 879 1430 ne
903 1371 1127 1449 perduceretur
1148 1370 1189 1430 ad

187 1479 307 1552 Sullam
337 1477 392 1536 vix
423 1477 562 1555 praemio
592 1477 667 1536 dato
697 1481 848 1551 evaserat,
875 1495 1048 1554 numquam
1078 1494 1189 1536 nocere

187 1583 355 1658 sustinuit3
376 1582 594 1642 Philemonem
610 1600 630 1641 a
647 1600 742 1641 manu
761 1600 888 1640 servum
904 1582 960 1659 qui
977 1601 1085 1641 necem
1101 1601 1190 1642 suam

187 1707 244 1767 per
272 1707 427 1748 venenum
455 1686 592 1746 inimicis
624 1686 811 1764 promiserat
843 1706 906 1746 non
938 1687 1064 1763 gravius
1095 1705 1190 1763 quam

188 1793 325 1872 simplici
348 1799 448 1852 morte
471 1792 593 1870 puniit3
622 1792 655 1850 in
675 1792 825 1851 Publium
846 1791 1001 1867 Clodium,
1022 1791 1215 1870 Pompeiac2

151 1910 180 1956 15
188 1899 294 1959 uxoris
310 1917 383 1957 suae
397 1898 576 1957 adulterum
590 1902 686 1974 atque
703 1898 812 1956 ecdem
830 1897 870 1957 de
889 1916 982 1957 cansa
999 1897 1192 1976 pollutarum

189 2003 448 2065 caerimoniarum
467 2022 564 2077 reum,
581 2002 673 2063 testis
692 2002 807 2061 citatus
826 2001 954 2078 negavit
974 2020 1007 2061 se
1024 2002 1192 2079 quicquam

190 2101 388 2186 comperisse,
415 2107 560 2184 quamvis
588 2112 620 2166 et
647 2112 747 2166 mater
775 2106 905 2166 Aurelia
932 2112 964 2167 et
994 2126 1080 2166 soror
1110 2106 1193 2165 Iulia

189 2213 274 2292 apud
298 2212 423 2272 eosdem
448 2212 568 2271 iudices
590 2213 694 2272 omnia
715 2232 754 2271 ex
774 2212 837 2271 fide
859 2213 1076 2287 rettulissent,
1100 2211 1194 2270 inter-

191 2324 381 2395 rogatusqne
405 2336 460 2376 cur
483 2317 582 2394 igitur
606 2316 804 2395 repudiasset
828 2336 966 2392 uxorem,
991 2316 1193 2389 Quoniam,

152 2423 305 2500 aoinqnit,
343 2441 445 2482 meos
487 2427 567 2482 tam
606 2421 836 2499 suspicione
876 2440 988 2498 quam
1030 2419 1194 2480 crimi'ne

191 2528 324 2588 iudico
346 2546 479 2588 carere
500 2532 693 2606 oportere.

232 2633 481 2692 Moderationem
495 2651 571 2692 vero
585 2632 845 2709 clementiamque
861 2651 932 2691 cum
948 2632 981 2690 in
998 2632 1196 2692 administra
1217 2642 1253 2692 75

194 2739 279 2800 tione
293 2743 361 2797 tum
376 2737 409 2795 in
428 2737 561 2796 victoria
581 2736 657 2796 belli
679 2735 781 2795 civilis
804 2735 1020 2795 admirabilem
1042 2737 1194 2797 exhibuit.

192 2842 408 2904 Denuntiante
427 2841 579 2919 Pompeio
596 2860 654 2918 pro
672 2840 816 2900 hostibus
832 2860 864 2900 se
882 2839 1065 2900 habiturum
1081 2841 1136 2918 qui
1150 2842 1196 2901 rei

154 2948 337 3027 republicae
358 2947 545 3021 defuissent,
562 2946 631 3024 ipse
650 2945 768 3004 medios
793 2951 824 3004 et
844 2946 986 3004 neutrius
1008 2947 1108 3022 partis
1131 2966 1198 3006 suo

194 3074 264 3114 rum
289 3052 349 3112 sibi
373 3071 502 3112 numero
527 3052 651 3110 futuros
679 3050 905 3128 pronuntiavit.
948 3051 1067 3120 Quibus
1091 3058 1197 3112 autem

194 3179 233 3220 ex
255 3152 523 3220 commendatione
543 3156 676 3234 Pompei
697 3156 821 3215 ordines
846 3156 985 3230 dederat,
1008 3162 1198 3234 potestatem

196 3265 380 3327 transeundi
394 3265 435 3325 ad
449 3283 521 3324 eum
540 3262 683 3322 omnibus
705 3262 791 3322 fecit.
833 3261 931 3320 Motis
953 3263 1037 3338 apud
1060 3262 1222 3322 Ilerdama

196 3371 366 3433 deditionis
399 3369 642 3444 condicionibus,
670 3388 750 3443 cum,
778 3367 904 3426 assiduo
936 3367 1019 3426 inter
1048 3372 1198 3444 utrasque

158 3484 303 3557 scpartes
327 3496 387 3537 usn
411 3482 507 3554 atque
532 3475 725 3549 commercio,
748 3473 900 3532 Afranius
924 3478 957 3531 et
981 3473 1125 3531 Petreius
1150 3473 1200 3532 de-

197 3584 368 3663 prehensos
389 3583 473 3642 intra
494 3587 597 3641 castra
618 3581 758 3640 Iulianos
778 3579 883 3639 subita
899 3579 1094 3658 paenitentia
1107 3579 1201 3638 inter-

198 3689 358 3763 fecissent,
368 3687 539 3747 admissam
553 3687 586 3745 in
601 3705 634 3746 se
648 3685 812 3764 perfidiam
826 3704 889 3744 non
903 3685 1055 3746 sustinuit
1072 3685 1199 3746 imitari.
