2812 4140
479 275 591 325 ursus
614 274 635 325 1.
674 274 786 325 arvus
810 273 933 325 1uu1us
1168 261 1209 327 17
1258 335 1264 351 ,

204 445 322 507 flumen
335 452 368 507 et
386 447 508 523 ingenti
526 447 642 525 spiritu
660 446 826 506 classicum
843 465 972 506 exorsus
990 447 1152 525 pertendit
1169 447 1210 507 ad

204 550 337 611 alteram
370 552 480 630 ripam.
533 553 621 611 Tunc
654 551 778 626 Caesar,
813 553 950 626 Eatur,
985 551 1099 628 inquit,
1135 570 1211 628 quo

205 658 375 717 deorum
413 663 583 715 ostenta
621 662 661 714 et
699 656 959 716 inimicorum
1004 656 1210 734 iniquitas

205 764 332 818 vocat
388 760 504 820 lacta
530 759 620 820 alea
646 766 718 835 est,
747 760 859 838 inquit.

147 874 183 927 33
246 864 352 942 Atque
372 866 418 925 ita
438 866 570 926 traiecto
595 867 744 941 exercitu,
765 866 917 927 adhibitis
941 868 1077 929 tribunis
1099 868 1235 946 plebiae

205 991 261 1049 qm
251 972 359 1049 pulsi
370 980 625 1050 supervenerant,
640 993 698 1051 pro
713 974 857 1034 contione
871 975 967 1034 fidem
979 975 1118 1035 militum
1131 975 1210 1036 flens

205 1096 241 1140 ac
256 1085 343 1139 veste
358 1099 378 1139 a
391 1085 517 1156 pectore
530 1079 663 1139 discissa
678 1079 845 1139 invocavit.
887 1080 1100 1141 Existimetur
1114 1081 1211 1141 etiam

205 1190 367 1260 equestres
389 1203 500 1244 census
529 1185 689 1262 pollicitus
719 1185 870 1261 singulis3
891 1187 975 1262 quod
1003 1186 1120 1246 accidit
1147 1186 1212 1264 opi-

205 1289 298 1348 nione
326 1289 415 1349 falsa.
458 1290 542 1350 Nam
570 1309 641 1349 eum
668 1290 702 1348 in
729 1290 928 1367 adloquendo
952 1291 1212 1369 adhortandoque

206 1394 330 1472 saepius
353 1394 489 1470 digitum
514 1394 620 1456 laevae
649 1414 759 1454 manus
784 1401 947 1455 ostentans
970 1396 1154 1456 adfirmaret
1178 1415 1212 1457 se
1222 1412 1252 1458 10

205 1500 245 1560 ad
267 1499 546 1560 satisfaciendum
568 1500 712 1559 omnibus
734 1519 790 1577 per
812 1520 890 1577 quos
912 1501 1101 1577 dignitatem
1124 1521 1213 1562 suam

205 1604 392 1664 defensurus
421 1610 506 1664 esset
531 1606 662 1665 anulum
690 1623 814 1683 quoque
842 1624 942 1682 aequo
966 1603 1072 1666 animo
1094 1606 1214 1667 detrec

206 1715 313 1769 turum
332 1710 402 1784 sibi,
423 1715 564 1770 extrema
582 1710 696 1784 contio,
715 1710 764 1769 oui
784 1710 910 1770 facilius
930 1717 999 1770 erat
1017 1712 1125 1772 videre
1145 1731 1214 1772 oon-

206 1815 381 1875 tionantem
411 1834 506 1892 quam
532 1816 651 1890 audire,
680 1835 737 1892 1110
765 1815 850 1874 dicto
878 1816 1000 1892 accepit
1028 1818 1113 1894 quod
1141 1817 1213 1877 visu

206 1919 443 1998 suspicabatur3
469 1920 721 1998 promissumque
741 1919 789 1978 ius
809 1920 975 1980 anulorum
994 1940 1066 1980 cum
1085 1922 1213 1982 milibus
1223 1940 1253 1986 11

205 2025 429 2102 quadringenis
451 2026 537 2085 fama
557 2025 692 2085 distulit.

148 2148 184 2198 34
246 2131 331 2191 Ordo
366 2136 398 2190 et
433 2149 555 2191 summa
590 2150 695 2190 rerum
731 2149 808 2207 quas
847 2131 995 2210 deinceps
1035 2133 1141 2208 gessit
1169 2133 1214 2195 sie
1253 2139 1255 2143 ’

207 2254 240 2296 se
262 2236 387 2296 habent.
429 2236 590 2310 Picenum,
611 2235 787 2310 Umbriam,
807 2237 969 2296 Etruriam
991 2238 1157 2315 occupavit
1182 2244 1214 2298 et

206 2341 304 2401 Lucio
332 2340 483 2415 Domitio,
507 2341 562 2417 qui
590 2359 647 2418 per
674 2341 848 2400 tumultum
873 2360 1033 2400 successor
1061 2342 1090 2402 ei
1117 2344 1215 2402 nomi-

205 2452 299 2506 natus
321 2446 494 2506 Corfinium
515 2445 673 2522 praesidio
695 2445 832 2520 tenebat,
855 2447 888 2505 in
909 2447 1066 2506 dicionem
1087 2448 1253 2508 redactoac

205 2557 301 2628 atque
332 2551 463 2610 dimisso
495 2550 667 2610 secundum
699 2550 854 2628 Superum
886 2570 971 2610 mare
1007 2552 1214 2612 Brundisium

206 2656 352 2732 tetendit,
373 2676 435 2732 quo
458 2655 600 2715 consules
626 2656 859 2733 Pompeiusque
884 2656 1092 2732 confugerant
1118 2677 1214 2735 quam

182 2762 344 2840 aprimum
365 2760 611 2821 transfretaturi.
664 2761 733 2820 Hos
755 2760 876 2821 frustra
903 2780 960 2839 per
983 2763 1084 2822 omnis
1108 2783 1211 2824 moras

206 2867 294 2926 exitu
321 2866 487 2943 prohibere
516 2871 645 2925 conatus
675 2867 810 2925 Romam
839 2866 900 2926 iter
929 2868 1088 2929 convertit
1108 2869 1215 2947 appel·

205 2971 342 3048 latisque
372 2972 411 3031 de
444 2991 478 3031 re
511 2970 637 3048 publica
664 2970 808 3048 patribus
830 2970 1052 3032 'validissimas
1080 2974 1252 3052 Pompeias

206 3077 321 3154 copias,
336 3096 416 3153 quae
435 3077 494 3136 sub
512 3076 614 3136 tribus
635 3076 748 3151 legatis
768 3078 812 3135 M.
828 3076 957 3135 Petreio
981 3083 1013 3136 et
1027 3079 1062 3138 L.
1079 3079 1213 3140 Afranio

205 3187 238 3242 et
251 3184 295 3241 M.
311 3183 452 3242 Varrone
473 3182 507 3241 in
521 3181 679 3258 Hispania
697 3186 796 3255 erant,
811 3180 940 3257 invasit,
956 3183 1118 3260 professus
1139 3191 1213 3246 ants

205 3286 288 3346 inter
309 3306 381 3347 suos
405 3288 465 3347 ire
486 3307 524 3346 se
545 3287 594 3347 ad
616 3286 827 3345 exercitum
849 3287 932 3347 sine
953 3289 1044 3347 duce
1066 3295 1103 3349 et
1127 3287 1213 3350 inde

206 3411 442 3452 reversurum
469 3393 513 3453 ad
547 3392 678 3450 ducem
707 3390 789 3450 sinc
817 3393 997 3453 exercitu.
1047 3395 1091 3454 Et
1120 3413 1214 3471 quan·

205 3516 300 3574 quam
327 3497 488 3557 obsidione
517 3496 689 3571 Massiliae,
714 3515 794 3572 quae
822 3497 883 3556 sibi
909 3497 942 3556 in
967 3497 1081 3559 itinere
1106 3505 1251 3577 portasse

206 3602 370 3678 clauserat,
399 3621 582 3679 summaque
616 3602 843 3662 frumentariae
877 3603 923 3663 rei
958 3605 1091 3682 penuria
1119 3609 1213 3664 retar-

205 3706 301 3767 dante
321 3708 411 3768 brevi
433 3714 539 3768 tamen
561 3706 666 3766 omnia
688 3706 821 3784 subegit.
849 3769 851 3773 ,
