2812 4140
290 297 295 304 ·
408 292 579 343 1111111111.
616 292 728 370 mvus
751 262 943 343 lususrus
1136 279 1176 343 61

176 465 324 525 exercuit.
366 465 511 541 Namque
526 463 590 522 illis
605 464 639 522 in
653 463 824 523 multorum
838 481 931 541 saepe
941 481 1107 541 personam
1121 481 1178 540 per

176 569 310 646 gratiam
328 574 361 628 et
375 587 482 648 preces
497 568 807 629 exorabilibussolus
822 587 934 644 magno
949 586 1042 645 opere
1056 572 1179 627 conten·

175 675 224 734 dit
237 693 277 734 ne
294 673 344 733 cui
364 679 554 752 parceretur,
574 673 824 752 proscripsitque
846 672 942 732 etiam
956 672 990 731 O.
1008 672 1178 732 Toranium

175 785 313 839 tutorem
337 797 438 855 suum,
461 779 594 839 eundem
619 778 771 854 collegam
798 776 898 855 patris
927 777 976 836 sui
1004 777 1117 838 Octavi
1145 778 1179 837 in

152 884 347 945 raedilitate.
389 884 491 944 Iulius
517 884 705 944 Saturninus
730 883 789 942 hoc
810 883 946 960 amplius
975 883 1082 959 tradit,
1108 897 1202 944 cums

176 995 303 1067 peracta
323 989 553 1068 proscriptione
575 991 619 1049 M.
646 988 784 1067 Lepidus
809 988 843 1047 in
865 993 976 1048 senatu
999 994 1178 1049 excusasset

176 1095 347 1173 praeterita
366 1101 398 1155 et
413 1113 502 1172 spem
516 1094 700 1154 clementiae
716 1094 750 1152 in
768 1099 930 1172 posterum
951 1093 1089 1169 fecisset,
1106 1113 1179 1172 quo

175 1201 260 1260 niam
275 1200 352 1260 satis
368 1219 539 1278 poenarum
554 1194 700 1259 exactum
714 1205 807 1275 esset,
822 1200 906 1259 hunc
927 1219 944 1259 e
964 1200 1090 1259 diverso
1110 1219 1179 1277 pro·

176 1306 305 1380 fessum,
332 1306 391 1366 ita
415 1305 569 1364 modum
592 1324 632 1364 se
652 1304 943 1382 proscribendi
966 1305 1177 1381 statuisse,

175 1418 216 1471 ut
243 1410 365 1470 omnia
393 1409 466 1470 sibi
494 1410 699 1486 reliquerit
725 1408 854 1470 libera.
896 1411 936 1468 In
960 1410 1048 1469 cuius
1072 1415 1216 1470 tamenlo

176 1516 366 1593 pertinaciae
394 1515 622 1593 paenitentiam
651 1520 762 1592 postea
791 1515 826 1575 Τ.
857 1514 988 1574 Vinium
1015 1515 1179 1593 Philopoe

175 1639 307 1696 menam,
322 1621 406 1698 quod
428 1626 596 1698 patronum
617 1639 709 1679 suum
730 1619 942 1698 proscriptum
965 1619 1081 1680 celasse
1102 1620 1178 1680 olim

151 1726 341 1801 adiceretur,
366 1725 505 1803 equestri
527 1724 682 1800 dignitate
704 1724 879 1785 honoravit.
922 1726 962 1783 In
990 1725 1098 1785 eadem
1119 1725 1178 1784 hac

175 1835 333 1909 potestate
348 1830 518 1907 multiplici
532 1829 680 1904 flagravit
695 1829 824 1918 invidia.
867 1831 951 1890 Nam
965 1836 998 1890 et
1014 1830 1178 1890 Pinarium

175 1936 314 2013 equitem
323 1936 372 2010 n,
382 1955 452 1994 cum
464 1935 663 1994 contionante
674 1954 717 2010 se,
728 1935 865 1996 admissa
877 1935 969 1996 turba
975 1954 1177 2014 paganorum,
1187 1949 1216 1994 15

174 2042 258 2119 apud
274 2040 390 2100 milites
405 2025 600 2099 ¹subscribere
614 2040 768 2116 quaedam
781 2040 1066 2117 animadvertisset,
1082 2042 1178 2101 curio

175 2166 245 2206 sum
259 2165 295 2205 ac
314 2145 542 2222 speculatorem
562 2149 649 2204 ratus
670 2163 774 2204 coram
794 2145 920 2205 confodi
937 2146 1124 2223 imperavit;
1145 2152 1177 2206 et

175 2251 308 2311 Tedium
323 2250 439 2308 Afrum
454 2249 613 2308 consulem
626 2249 835 2325 designatum,
851 2250 925 2327 quia
944 2251 1065 2311 factum
1083 2253 1177 2328 quod·

174 2357 247 2416 dam
264 2375 355 2414 suum
375 2354 512 2430 maligno
532 2373 673 2413 sermone
692 2355 870 2432 carpsisset,
891 2356 989 2415 tantis
1006 2357 1177 2416 conterruit

149 2461 268 2520 4minis
282 2466 319 2520 ut
337 2460 364 2518 is
380 2478 412 2519 se
427 2458 684 2536 praecipitaverit
696 2481 703 2534 ;
724 2465 757 2519 et
770 2460 922 2529 Quintum
937 2461 1078 2521 Gallium
1091 2481 1216 2540 praeno

53 2573 57 2581 '
174 2572 283 2640 torem,
298 2565 331 2623 in
346 2564 446 2623 officio
461 2564 659 2624 salutationis
671 2564 803 2625 tabellas
819 2566 960 2643 duplices
974 2576 1062 2627 veste
1077 2573 1176 2628 tectas

174 2675 343 2744 tenentem,
373 2669 550 2746 suspicatus
581 2668 722 2744 gladium
751 2669 891 2729 occulere
922 2691 980 2730 nec
1008 2672 1175 2749 quicquam

174 2775 292 2850 statim,
306 2793 345 2834 ne
357 2774 453 2834 'aliud
473 2773 676 2849 inveniretur,
691 2793 785 2834 ausus
807 2759 974 2852 inquirere,
990 2777 1084 2854 paulo
1103 2783 1176 2855 post

173 2899 229 2958 per
244 2879 440 2940 centuriones
455 2884 488 2938 11
502 2879 619 2938 milites
635 2884 763 2956 raptum
776 2899 793 2939 e
811 2880 962 2940 tribunali
981 2882 1128 2941 servilem
1141 2883 1176 2942 in

173 2986 300 3068 modum
317 2984 410 3044 torsit
423 3003 460 3043 ac
474 2983 628 3044 fatentem
641 2983 722 3042 nihil
736 2983 830 3044 iussit
848 2985 956 3060 occidi,
974 2986 1061 3064 prius
1077 2987 1174 3046 oculis
1184 3003 1213 3048 25

172 3091 239 3150 eius
264 3109 320 3150 sua
343 3109 437 3149 manu
459 3089 600 3165 effossis;
627 3108 722 3166 quem
746 3095 851 3150 tamen
878 3092 988 3153 scribit
1010 3093 1174 3171 conloquio

172 3196 272 3274 petito
294 3195 479 3254 insidiatum
500 3194 562 3254 sibi
584 3195 820 3273 coniectumque
841 3215 860 3256 a
881 3216 913 3257 se
935 3198 969 3256 in
990 3199 1172 3274 custodiam,

171 3300 285 3360 deinde
299 3300 375 3359 urbe
397 3300 565 3360 interdicta
584 3300 750 3360 dimissum
765 3302 931 3379 naufragio
946 3304 996 3363 vel
1014 3304 1172 3364 latronum

147 3405 295 3466 tinsidiis
313 3405 440 3482 perisse.
484 3405 698 3464 Tribuniciam
716 3411 906 3483 potestatem
924 3415 1108 3486 perpetuam
1130 3429 1173 3468 re·

172 3510 264 3586 cepit,
279 3510 313 3568 in
328 3529 389 3586 qua
405 3510 499 3569 semel
514 3515 609 3586 atque
624 3509 740 3569 iterum
754 3530 811 3588 per
825 3513 949 3588 singula
966 3514 1066 3574 lustra
1084 3515 1210 3575 colle-so

170 3633 242 3689 gam
264 3614 324 3673 sibi
347 3615 514 3692 cooptavit.
559 3615 692 3692 Recepit
713 3620 746 3675 et
766 3636 887 3675 morum
908 3618 1074 3696 legumque
1096 3620 1173 3694 regi-

171 3738 243 3778 men
256 3737 355 3796 aeque
368 3725 565 3797 perpetuum,
580 3739 642 3796 quo
653 3720 729 3796 iure,
741 3740 931 3799 quamquam
943 3723 1009 3782 sine
1024 3742 1171 3783 censurae
