2812 4140
487 261 597 314 arnna
621 263 643 314 1.
679 261 793 343 nrvus
815 261 938 315 runos
1173 251 1213 316 37

213 436 290 496 Acie
306 435 490 496 Pharsalica
509 434 717 513 proclamavit
732 441 770 495 ut
787 435 907 496 civibus
926 441 1116 514 parceretur,
1130 436 1215 496 dein-

212 560 347 620 cepsque
371 540 491 601 nemini
514 560 578 600 non
605 560 733 600 suorum
756 559 850 618 quem
873 540 971 601 vellet
992 560 1090 600 unum
1113 541 1213 620 partis

187 648 360 709 cadversae
389 665 513 706 servare
544 646 706 706 concessit.
761 646 829 705 Nec
859 646 918 705 ulli
945 646 1064 723 perisse
1091 646 1154 706 nisi
1180 647 1214 706 in

211 754 331 832 proelio
365 752 570 830 reperientur,
605 751 745 829 exceptis
779 751 855 811 dum
890 757 979 812 taxat
1013 751 1147 812 Afranio
1181 757 1214 812 et

211 860 329 919 Fausto
355 864 388 919 et
415 857 513 917 Lucio
542 858 675 917 Caesare
703 857 834 930 iuvene;
869 876 905 917 ac
932 876 971 917 ne
998 857 1055 917 hos
1085 857 1237 935 quideme

121 1025 129 1046 ι
210 964 373 1024 voluntate
394 964 495 1042 ipsius
517 963 723 1040 interemptos
748 968 872 1040 putant,
893 982 1026 1040 quorum
1050 967 1157 1023 tamen
1181 967 1213 1023 et

209 1070 329 1148 priores
344 1075 416 1148 post
433 1070 636 1146 impetratam
652 1068 776 1128 veniam
798 1068 1028 1128 rebellaverant
1041 1073 1075 1128 et
1089 1069 1212 1145 Caesar,

151 1230 153 1234 .
209 1175 331 1236 libertis
346 1175 507 1251 servisque
522 1174 590 1233 eius
611 1173 696 1233 ferro
717 1179 750 1234 et
762 1174 839 1250 igni
858 1174 1016 1233 crudelem
1034 1173 1068 1232 in
1085 1174 1213 1232 modum

209 1281 336 1356 enectis,
365 1280 482 1342 bestias
510 1298 634 1358 quoque
661 1279 702 1338 ad
733 1298 846 1339 munus
875 1279 987 1357 populi
1017 1284 1212 1357 comparatas

184 1386 489 1446 scontrucidaverat.
514 1385 677 1466 ¹Denique
702 1390 843 1462 tempore
867 1390 1008 1444 extremo
1030 1384 1125 1444 etiam
1147 1384 1250 1461 qui-10

208 1491 266 1551 bus
290 1492 430 1551 nondum
457 1492 621 1567 ignoverat
649 1490 770 1550 cunctis
799 1490 832 1548 in
860 1489 989 1549 Italiam
1016 1489 1119 1550 redire
1146 1508 1213 1568 per·

209 1597 296 1657 misit
317 1597 582 1674 magistratusque
604 1601 636 1655 et
658 1595 792 1674 imperia
814 1614 941 1673 capere3
963 1594 1018 1654 sed
1039 1600 1072 1655 et
1090 1600 1212 1656 statuas

208 1701 288 1761 Luci
312 1702 417 1761 Sullae
440 1706 536 1778 atque
560 1701 734 1778 Pompeia
758 1700 850 1778 plebe
877 1700 1025 1760 disiectas
1054 1700 1211 1777 reposuit3

208 1825 245 1866 ac
272 1806 300 1866 si
326 1825 389 1883 qua
416 1807 548 1884 posthac
574 1811 631 1866 aut
661 1805 873 1882 cogitarentur
903 1805 1030 1881 gravius
1061 1806 1211 1865 adversus

209 1930 242 1970 se
275 1916 331 1971 aut
365 1911 554 1985 dicerentur,
589 1910 732 1970 inhibere
766 1910 879 1969 maluit
913 1929 1008 1987 quam
1042 1909 1249 1972 vindicarem

183 2016 322 2094 ⁶Itaque
347 2022 379 2076 et
402 2017 542 2076 detectas
572 2016 801 2075 coniurationes
830 2020 1063 2092 conventusque
1090 2020 1211 2074 noctur·

208 2140 264 2180 nos
292 2141 355 2181 non
381 2122 466 2180 ultra
492 2120 597 2197 arguit
623 2140 719 2197 quam
746 2126 782 2180 ut
809 2120 912 2179 edicto
937 2121 1116 2180 ostenderet
1143 2139 1211 2181 esse

208 2226 269 2285 sibi
289 2232 390 2300 notas,
412 2231 444 2285 et
464 2224 574 2285 acerbe
597 2223 800 2302 loquentibus
825 2225 902 2284 satis
926 2225 1038 2285 habuit
1061 2243 1119 2302 pro
1143 2243 1211 2283 con·

207 2331 292 2391 tione
324 2331 510 2390 denuntiare
540 2348 580 2389 ne
613 2334 861 2408 perseverarent,
889 2329 1028 2406 Aulique
1060 2328 1210 2389 Caecinae

208 2435 465 2495 criminosissimo
488 2434 570 2494 libro
594 2439 626 2494 et
649 2434 790 2494 Pitholai
812 2434 1002 2494 carminibus
1027 2433 1249 2496 maledicen-ao

207 2541 340 2602 tissimis
368 2541 537 2600 laceratam
567 2539 834 2599 existimationem
866 2559 954 2600 suam
987 2538 1074 2598 civili
1105 2539 1209 2598 animo

207 2647 291 2706 tulit.

148 2761 185 2812 76
246 2753 461 2828 Praegravant
489 2757 595 2810 tamen
617 2756 720 2811 cetera
741 2751 826 2812 facta
847 2751 993 2828 dictaque
1015 2751 1092 2825 eius,
1115 2755 1153 2810 ut
1177 2755 1210 2810 et

206 2856 322 2918 abusus
350 2856 564 2916 dominatione
593 2862 626 2916 et
654 2857 722 2916 iure
750 2875 858 2917 caesus
886 2857 1094 2917 existimetur.
1136 2856 1210 2915 Non

207 2963 290 3021 enim
309 2961 442 3021 honores
464 2962 556 3021 modo
573 2962 687 3022 nimios
709 2963 846 3041 recepit:
868 2963 1052 3023 continuum
1071 2961 1248 3030 consulare

206 3073 284 3142 tum,
302 3073 488 3145 perpetuam
504 3066 694 3127 dictaturam
711 3068 1003 3145 praefecturamque
1019 3086 1151 3142 morum,
1166 3067 1210 3126 in·

206 3191 301 3251 super
320 3191 509 3250 praenomen
528 3172 744 3250 Imperatoris,
760 3191 930 3249 cognomen
948 3172 1055 3233 Patris
1077 3172 1208 3250 patriae,

153 3264 156 3270 ’
206 3283 345 3338 statuam
364 3278 447 3337 inter
466 3297 565 3354 reges,
580 3283 763 3355 suggestum
783 3278 816 3337 in
832 3277 1010 3353 orchestra,
1032 3279 1088 3338 sed
1102 3284 1134 3338 et
1147 3297 1210 3338 am·

206 3383 307 3461 pliora
331 3383 428 3442 etiam
452 3383 588 3442 humano
613 3382 743 3459 fastigio
764 3382 890 3443 decerni
914 3383 975 3442 sibi
1002 3401 1114 3461 passus
1143 3388 1208 3443 est:

206 3489 312 3548 sedem
333 3507 459 3548 auream
481 3488 514 3546 in
536 3488 622 3548 curia
642 3493 675 3548 et
695 3507 753 3566 pro
775 3488 936 3564 tribunali,
953 3493 1076 3549 tensam
1097 3493 1130 3548 et
1150 3488 1248 3548 fer-³0

206 3595 311 3653 culum
323 3593 454 3653 circensi
468 3612 593 3670 pompa,
605 3593 733 3671 templa,
747 3611 828 3667 aras,
840 3593 1007 3653 simulacra
1021 3593 1110 3654 iuxta
1124 3593 1208 3669 deos,

206 3699 362 3778 pulvinar,
376 3697 546 3773 flaminem,
560 3698 714 3776 lupercos,
728 3698 974 3776 appellationem
989 3699 1106 3759 mensis
1121 3718 1138 3759 e
1153 3717 1209 3759 sno
