2812 4140
131 236 134 243 ’
182 236 224 301 54
265 247 296 299 c.
320 245 476 298 suuronr
499 237 726 308 mancinum
749 243 799 294 nn
823 243 913 294 vrrs
937 241 1138 295 cassanum

183 428 295 498 quam
318 439 338 480 a
361 420 405 479 M.
428 417 607 495 Agrippa
634 418 798 492 fugatae
823 415 905 475 sint
928 416 1103 476 hostium
1127 436 1184 476 na
1234 404 1235 409 ¹

183 544 258 586 ves.
310 524 377 584 Alii
405 523 525 583 dictum
552 521 736 599 factumque
763 521 830 581 eius
859 521 1065 581 criminantur
1092 522 1183 598 quasi

184 629 335 690 classibus
361 633 550 706 tempestate
577 626 711 704 perditis
735 626 957 686 exclamaverit
984 627 1105 686 etiam
1133 629 1184 686 in-

183 736 267 797 vito
290 736 476 812 Neptuno
499 733 711 792 victoriam
739 752 778 793 se
805 733 1039 817 adepturum
1068 753 1105 793 ac
1132 733 1183 793 die

159 840 368 901 tcircensium
397 839 540 917 proximo
569 834 713 897 sollemni
741 857 875 915 pompae
905 837 1106 898 simulacrum
1132 839 1184 925 dei

183 945 364 1007 detraxerit.
405 946 473 1004 Nec
490 950 618 1003 temere
641 943 734 1020 plura
757 962 793 1003 ac
818 943 935 1003 maiora
959 944 1099 1021 pericula
1119 945 1220 1004 ullor

183 1051 246 1112 arro
259 1023 448 1111 arruns.
491 1049 636 1110 raiaco
652 1049 686 1108 sn
705 1049 845 1109 sarnam
865 1049 1013 1125 exercitu,
1029 1068 1099 1109 eum
1117 1069 1185 1128 par.

184 1163 249 1216 tem
270 1156 423 1233 reliquam
444 1155 604 1233 copiarum
630 1153 804 1214 continenti
828 1160 993 1232 repeteret,
1016 1174 1184 1232 oppressus

184 1281 223 1322 ex
245 1261 405 1339 inproviso
426 1280 446 1321 a
476 1259 669 1319 Demochare
700 1265 733 1318 et
763 1259 983 1337 Apollophane
1015 1253 1184 1338 praefectis

147 1376 177 1423 10
184 1367 316 1445 Pompei
336 1386 398 1425 uno
419 1364 692 1448 demumnavigio
708 1352 879 1441 aegerrime
901 1364 1021 1441 effugit.
1064 1366 1185 1425 lterum

186 1491 256 1532 cum
277 1476 401 1549 praeter
422 1471 537 1529 Locros
559 1469 694 1546 Regium
716 1470 849 1547 pedibus
871 1469 935 1529 iret
956 1475 989 1529 et
1009 1471 1185 1549 prospectis

185 1576 355 1636 biremibus
376 1575 577 1653 Pompeianis
598 1581 715 1635 terram
736 1575 912 1651 legentibus
935 1593 1006 1634 suas
1028 1581 1115 1635 ratus
1136 1576 1186 1636 de

186 1681 358 1741 scendisset
384 1680 425 1740 ad
452 1680 538 1755 litus,
566 1699 665 1757 paene
694 1684 843 1757 exceptus
871 1685 928 1739 est.
974 1678 1063 1740 Tunc
1090 1682 1186 1741 etiam

185 1805 242 1864 per
269 1785 376 1845 devios
404 1785 547 1844 tramites
575 1784 784 1861 refugientem
812 1794 920 1844 servus
949 1786 1067 1846 Aemili
1093 1787 1186 1846 Pauli

148 1902 177 1947 lo
187 1890 309 1951 comitis
344 1890 420 1965 eius,
448 1889 557 1948 dolens
589 1890 802 1967 proscriptum
829 1890 905 1949 olim
932 1890 972 1951 ab
1000 1909 1037 1950 eo
1063 1897 1186 1968 patrem

186 1996 320 2056 Paulum
348 2000 381 2054 et
408 1994 499 2071 quasi
526 1993 686 2054 occasione
713 1993 843 2053 ultionis
872 1995 986 2070 oblata,
1012 1995 1186 2056 interficere

187 2106 315 2161 conatus
330 2106 387 2159 est.
477 2082 481 2091 ⁸

225 2208 304 2266 Post
324 2206 456 2283 Pompei
477 2205 585 2282 fugam
605 2206 793 2282 collegarum
811 2206 947 2265 alterum
961 2208 1005 2267 M.
1021 2208 1210 2285 Lepidum,4

187 2331 280 2390 quem
311 2331 349 2371 ex
380 2311 490 2370 Africa
519 2311 552 2369 in
581 2310 734 2370 auxilium
768 2317 922 2387 evocarat,
955 2304 1187 2390 superbientem

149 2417 302 2492 noviginti
322 2417 480 2493 legionum
500 2415 616 2475 fiducia
637 2434 835 2492 summasque
858 2415 918 2474 sibi
940 2424 1047 2495 partes
1069 2423 1187 2477 terrore

188 2529 220 2582 et
245 2523 338 2581 minis
366 2521 579 2581 vindicantem
607 2519 757 2631 spoliavit
784 2521 924 2580 exercitu
952 2522 1188 2600 supplicemque

189 2647 333 2687 concessa
348 2627 414 2687 vita
428 2626 570 2686 Cerceios
585 2625 618 2683 in
632 2631 820 2703 perpetuum
835 2627 994 2703 relegavit.

230 2735 273 2792 M.
302 2731 421 2791 Antoni
449 2731 631 2790 societatem
666 2749 789 2808 semper
819 2731 947 2792 dubiam
976 2739 1009 2792 et
1035 2733 1187 2794 incertam
1212 2747 1246 2799 17

190 2837 554 2912 reconciliationibusque
575 2835 672 2895 variis
694 2836 775 2895 male
796 2835 957 2898 focilatam
976 2839 1104 2917 abrupit
1123 2846 1189 2900 tan·

151 2946 270 3018 todem,
285 2948 318 3002 et
332 2962 393 3019 quo
408 2942 507 3017 magis
522 2942 725 3018 degenerasse
741 2961 813 3001 eum
831 2962 850 3002 a
866 2944 952 3003 civili
974 2963 1058 3005 more
1079 2965 1189 3023 appro

190 3049 287 3123 baret,
311 3052 534 3130 testamentum
556 3048 639 3124 quod
661 3047 687 3106 is
709 3049 827 3107 Romae
849 3049 944 3108 etiam
963 3051 1002 3110 de
1022 3038 1189 3128 Cleopatra

191 3154 298 3213 liberis
320 3153 402 3213 inter
426 3152 555 3213 heredes
577 3152 765 3229 nuncupatis
789 3153 960 3230 reliquerat
981 3156 1189 3232 aperiundum

191 3258 447 3335 recitandumque
475 3277 532 3336 pro
560 3258 703 3317 contione
735 3259 865 3318 curavit.
920 3236 1062 3320 Remisit
1084 3266 1214 3321 tamena

191 3364 275 3423 hosti
303 3363 440 3423 iudicato
474 3363 720 3423 necessitudines
751 3364 928 3441 amicosque
958 3384 1064 3425 omnes
1094 3372 1189 3442 atque

126 3529 129 3537 ,
154 3469 274 3529 aointer
294 3469 372 3529 alios
395 3469 427 3529 Ο.
451 3469 574 3529 Sosium
595 3476 628 3530 et
648 3470 683 3529 Τ.
705 3469 882 3529 Domitium
903 3454 978 3530 tunc
998 3471 1101 3531 adhuc
1123 3491 1191 3532 oon-

193 3574 284 3634 sules.
328 3574 576 3657 Bononiensibus
598 3592 721 3651 quoque
742 3573 876 3652 publice,
892 3557 1023 3652 quod'in
1042 3577 1191 3636 Antonio-

193 3699 262 3740 rum
281 3679 427 3740 clientela
447 3679 622 3755 antiquitus
641 3668 758 3771 erant(
758 3680 892 3756 gratiam
911 3681 989 3741 fecit
1008 3682 1191 3743 coniurandi
