2812 4140
439 286 609 357 11111111.
645 284 971 336 11111111111111111
1145 272 1207 337 107

178 461 275 520 -4Nec
290 457 393 517 defuit
408 457 457 515 vir
475 456 651 534 praetorius
667 456 721 533 qui
738 475 771 516 se
785 455 919 532 effigiem
934 456 1064 516 cremati
1082 461 1209 516 euntem

208 565 242 623 in
256 563 377 622 caelum
398 561 515 620 vidisse
533 562 662 620 iuraret.
706 561 869 644 Reliquias
891 561 1036 637 legerunt
1056 561 1208 638 primores

208 667 363 745 equestris
385 667 503 725 ordinis
527 666 660 725 tunicati
681 672 713 726 et
733 666 880 726 discincti
901 665 1095 744 pedibusque
1116 666 1208 725 nudis

208 793 244 833 ac
258 772 419 832 Mausoleo
434 771 649 831 condiderunt.
685 771 724 830 Id
739 790 817 849 opus
833 771 915 831 inter
926 769 1115 831 Flaminiam
1125 771 1210 831 viam

209 878 372 955 ripamque
401 876 523 936 Tiberis
552 882 641 936 sexto
669 895 725 935 suo
753 876 923 936 consulatu
945 881 1128 960 extruxerat
1155 876 1233 935 eir-o

209 983 439 1059 cumiectasque
457 982 553 1041 silvas
569 987 600 1041 et
615 981 843 1042 ambulationes
859 981 892 1040 in
910 970 1003 1041 usum
1020 981 1130 1059 populi
1147 982 1210 1041 iam

208 1094 276 1147 tum
291 1087 474 1164 publicarat.
553 1114 556 1119 ยน

147 1202 199 1250 101
250 1194 488 1252 Testamentum
509 1193 543 1252 L.
559 1193 676 1262 Planco
698 1193 731 1253 C.
748 1193 825 1253 Silio
843 1212 925 1253 cons.
941 1194 1005 1253 III.
1022 1194 1104 1254 Non.
1121 1192 1212 1270 Apri-

208 1298 264 1373 leS,
286 1304 359 1357 ante
383 1317 501 1357 annum
528 1304 561 1357 ct
588 1304 737 1375 quattuor
765 1317 886 1357 menses
915 1318 1010 1375 quam
1037 1299 1210 1373 decederet,

209 1403 330 1462 factum
343 1403 382 1462 ab
402 1422 437 1462 eo
453 1422 490 1462 ac
510 1403 631 1462 duobus
654 1403 812 1462 codicibus
834 1403 951 1480 par-tim
972 1403 1072 1481 ipsius
1094 1403 1211 1481 partim
1221 1413 1250 1457 10

208 1508 393 1567 libertorum
414 1507 529 1586 Polybi
557 1514 589 1567 et
616 1508 792 1567 Hilarionis
821 1527 916 1567 manu
944 1508 1097 1585 scriptum
1121 1508 1212 1585 depo

210 1613 368 1690 situmque
388 1613 473 1690 apud
495 1632 528 1672 sc
543 1613 681 1688 virgines
696 1613 841 1673 Vestales
865 1607 935 1672 curn
956 1612 1057 1671 tribus
1079 1613 1211 1688 signatis

209 1738 307 1795 aeque
328 1716 539 1777 voluminibus
562 1718 769 1794 protulerimt.
812 1719 897 1789 Quae
919 1718 1023 1777 omnia
1047 1717 1080 1775 in
1102 1723 1212 1777 senatu

186 1830 319 1900 11111111
339 1829 434 1900 atque
456 1822 588 1882 recitata
610 1829 692 1882 sunt.
735 1823 877 1882 Heredes
907 1823 1048 1882 instituit
1076 1822 1211 1901 primos:

210 1929 369 1987 Tiberium
385 1948 423 1986 ex
438 1933 528 2005 parte
546 1928 678 1987 dimidia
696 1933 728 1986 et
750 1934 903 2002 sextante,
918 1928 1043 1986 Liviam
1063 1946 1101 1987 ex
1123 1933 1250 2005 11111111

211 2033 313 2108 tertia,
329 2052 406 2109 quos
422 2039 454 2092 et
468 2033 552 2092 ferre
566 2052 679 2092 nomen
698 2052 789 2092 suum
810 2033 921 2108 iussit3
944 2034 1112 2092 secundos:
1135 2034 1213 2091 Dru-

212 2157 280 2197 sum
302 2138 408 2197 Tiberi
428 2137 531 2196 filium
552 2157 590 2196 cx
612 2137 738 2212 triente,
761 2138 963 2216 expertibus
987 2138 1116 2216 reliquis
1139 2138 1214 2198 Ger-

211 2243 367 2302 manicum
382 2243 558 2320 liberosque
573 2243 640 2303 eius
662 2249 726 2302 tres
749 2263 841 2304 sexus
856 2244 976 2319 virilis3
999 2245 1093 2304 tertio
1115 2244 1213 2320 gradu

211 2348 403 2426 propinquos
425 2348 604 2426 amicosque
633 2349 812 2426 compluris.
868 2349 1002 2425 Legavit
1030 2349 1146 2428 populo
1174 2351 1212 2409 R.

212 2431 478 2530 quadringenties,
509 2453 653 2513 tribubus
688 2453 794 2513 tricies
823 2454 991 2532 quinquies
1023 2454 1253 2530 sestertiumm

211 2559 418 2637 praetorianis
440 2558 594 2618 militibus
617 2559 741 2634 singula
768 2559 857 2619 milia
880 2559 1215 2635 nummorum-cohor-

212 2664 296 2722 tibus
323 2664 451 2723 urbanis
477 2663 659 2740 quingenos,
688 2664 855 2739 legionaris
883 2646 1024 2724 trecenos
1052 2683 1214 2738 nummos,

212 2788 306 2844 quam
326 2788 479 2828 summam
499 2769 728 2846 repraesentari
748 2769 851 2845 iussit,
867 2788 940 2828 nam
962 2775 994 2830 et
1015 2769 1215 2829 confiscatam

189 2887 336 2950 asemper
364 2874 595 2950 repositamque
624 2874 785 2933 habuerat,
841 2874 977 2952 Reliqua
1004 2875 1109 2953 legata
1129 2874 1214 2934 varie

212 2981 300 3040 dedit
321 2981 532 3057 perduxitque
557 2982 710 3057 quaedam
731 2982 772 3040 ad
793 2967 903 3041 vicena
924 2983 1080 3057 sestertia,
1100 2981 1253 3058 quibus25

213 3085 371 3144 solvendis
399 3105 538 3145 annuum
566 3087 650 3145 diem
677 3086 770 3160 finiit,
795 3092 944 3146 excusata
972 3088 1018 3146 rei
1049 3086 1215 3146 familiaris

213 3191 427 3250 mediocritate
441 3211 499 3250 nec
513 3191 584 3268 plus
599 3197 824 3269 perventurum
838 3194 879 3252 ad
893 3192 1023 3252 heredes
1039 3211 1110 3252 suos
1122 3211 1216 3269 quam

213 3297 315 3356 milies
330 3303 362 3356 et
376 3297 575 3374 quingenties
591 3297 762 3375 professus,
775 3298 919 3374 quamvis
934 3298 1049 3374 viginti
1063 3297 1215 3375 proximis

212 3403 302 3460 annis
322 3403 537 3478 quaterdecies
560 3403 662 3462 milies
682 3422 720 3461 cx
738 3403 937 3463 testamentis
958 3403 1129 3463 amicorum
1150 3421 1217 3481 per-

213 3507 356 3583 cepisset,
378 3507 462 3583 quod
483 3526 581 3584 paene
603 3528 694 3567 omne
723 3527 793 3566 cum
817 3508 938 3568 duobus
960 3507 1100 3584 paternis
1122 3507 1255 3585 patri-30

212 3612 325 3670 moniis
348 3613 521 3688 ceterisque
543 3612 772 3672 hereditatibus
793 3612 826 3670 in
848 3632 914 3672 rem
933 3631 963 3689 p.
979 3611 1215 3689 absumpsisset.

212 3716 310 3775 Iulias
336 3716 435 3775 filiam
464 3722 662 3794 neptemque,
689 3716 716 3775 si
740 3716 817 3793 quid
846 3716 885 3776 iis
913 3715 1090 3791 accidisset,
1116 3715 1217 3775 vetuit
