2812 4140
190 251 232 316 88
273 262 303 314 c.
329 261 486 314 suarem
507 261 736 324 raauournur
759 261 808 311 na
833 256 923 311 vrri
946 258 1149 310 cussuauu

190 452 347 495 rumorem
375 433 463 494 nullo
490 433 583 495 modo
610 434 740 512 expavit
766 433 906 512 lusitque
942 408 1129 511 impliciter
1158 437 1192 493 et

190 539 295 619 palem
316 539 540 600 oblectamenti
560 558 654 600 causa
674 539 770 600 etiam
794 556 889 599 senex
911 556 947 598 ac
972 543 1191 616 praeterquam

189 644 357 706 Decembri
378 664 484 705 mense
504 644 576 705 aliis
598 663 721 722 quoque
742 643 835 704 festis
857 648 889 704 et
906 641 1056 721 profestis
1070 642 1189 703 diebus.

189 751 257 811 Nec
291 750 325 810 id
359 749 491 810 dubium
524 755 581 811 est.
631 749 837 828 Autographa
871 748 1007 826 quadam
1045 747 1215 827 epistulas

165 856 346 933 cGenavi,
380 856 436 932 ait,
472 856 522 915 mi
559 855 704 931 Tiberi,
733 875 815 916 cum
850 856 991 931 isdem;
1024 872 1192 915 accesso

190 967 283 1024 runt
304 961 493 1022 convivae
515 960 698 1022 Vinicius
720 965 752 1020 et
774 960 899 1021 Silius
921 966 1044 1039 pater.
1079 959 1192 1020 Inter

190 1087 322 1129 cenam
353 1065 522 1126 lusimus
550 1065 779 1143 geronticos
808 1071 847 1127 et
879 1065 965 1126 heri
992 1070 1030 1127 et
1057 1064 1191 1141 hodie3

190 1172 287 1234 talis
321 1171 423 1233 enirn
460 1169 637 1246 iactatis,
670 1177 713 1231 ut
751 1171 919 1249 quisque
957 1190 1088 1232 canem
1123 1177 1192 1232 aut

190 1277 394 1341 senionem
421 1276 595 1352 miserat,
617 1275 656 1335 in
681 1276 862 1354 singulos
883 1276 987 1337 talos
1010 1276 1190 1353 singulos

151 1382 373 1448 rodenarios
395 1380 436 1440 in
456 1381 625 1442 medium
646 1381 888 1458 conferebat,
903 1400 998 1459 quos
1019 1381 1192 1442 tollebat

189 1488 413 1548 universos
448 1485 515 1564 qui
561 1486 753 1547 Venerem
794 1486 953 1547 iecerat.
1008 1488 1052 1547 Et
1083 1500 1215 1548 rursusa

189 1595 260 1656 aliis
281 1594 417 1655 litteris:
441 1595 473 1652 N
480 1611 531 1669 os,
551 1591 602 1651 mi
624 1592 768 1669 Tiberi,
790 1592 1066 1671 Quinquatrus
1088 1594 1190 1655 satis

189 1699 359 1760 iucunde
400 1698 572 1775 egimus,
612 1697 781 1758 lusimus
819 1698 920 1757 enim
955 1718 1023 1777 per
1064 1699 1190 1760 omnis

188 1805 274 1866 dies
295 1804 507 1882 forumque
526 1803 748 1864 aleatorum
769 1804 1014 1865 calfecimus.
1050 1806 1191 1866 Frater

151 1916 279 1973 lctuus
301 1908 453 1986 magnis
476 1908 716 1969 clamoribus
740 1928 818 1968 rem
841 1909 989 1986 gessit;
1016 1911 1064 1970 ad
1096 1929 1191 1970 surn-

188 2035 284 2077 mam
319 2021 455 2076 tamen
495 2013 680 2093 perdidit
714 2034 789 2073 non
833 2014 1007 2091 multum,
1043 2016 1111 2075 sed
1145 2036 1189 2078 ex

188 2120 339 2198 magnis
371 2119 634 2180 detrimentis
664 2126 828 2198 praeter
858 2138 968 2199 spem
995 2120 1189 2199 paulatim

187 2230 403 2286 retractum
439 2230 507 2284 est.
568 2226 648 2300 Ego
688 2225 847 2303 perdidi
888 2224 1038 2302 viginti
1079 2225 1190 2286 milia

187 2349 379 2399 nummum
402 2348 482 2389 mec
504 2329 669 2404 nomine,
705 2330 771 2389 sed
791 2349 874 2389 cum
893 2329 1027 2390 effuse
1044 2330 1084 2389 in
1100 2331 1189 2391 lusu

147 2435 373 2513 wliberalis
401 2434 578 2510 fuissem,
603 2440 645 2494 ut
673 2435 780 2494 soleo
811 2436 1052 2513 plerumque.
1094 2437 1189 2496 Nam

187 2540 346 2618 siquas
376 2558 509 2599 manus
541 2539 678 2598 remisi
707 2539 846 2617 cuique
875 2540 1096 2617 exegissem
1122 2547 1190 2601 aut

186 2644 448 2707 retinuissem
483 2644 585 2721 quod
627 2644 768 2721 cuique
810 2645 965 2722 donavi,
1002 2646 1189 2707 vicissem

187 2751 250 2811 vel
281 2749 578 2829 quinquaginta
616 2749 736 2809 milia.
783 2751 856 2810 Sed
886 2752 1100 2829 bocma103
1135 2755 1190 2814 be·

186 2855 381 2932 nignitas
406 2854 507 2914 enim
532 2875 612 2915 mea
636 2875 691 2914 me
718 2856 764 2915 ad
789 2856 1000 2918 caelestem
1022 2859 1189 2935 gloriam

148 2961 348 3023 mefferet.
399 2959 515 3020 Scribit
542 2961 583 3020 ad
613 2961 729 3020 filiam:
765 2962 860 3022 Misi
892 2963 972 3023 tibi
1003 2965 1212 3025 denarios4

186 3066 378 3126 ducentos
420 3065 722 3143 quinquaginta,
757 3086 852 3145 quos
895 3068 1067 3145 singulis
1110 3090 1190 3131 con·

73 3198 76 3204 ·
186 3169 292 3230 vivis
324 3169 509 3230 dederam
541 3171 573 3230 si
607 3172 762 3232 vellent
793 3173 901 3233 inter
930 3193 969 3235 se
1002 3173 1108 3234 inter
1139 3195 1189 3236 ce-

186 3296 271 3338 nam
291 3275 355 3336 vel
377 3275 474 3335 talis
496 3277 559 3336 vel
580 3297 649 3354 par
670 3278 796 3356 impar
816 3279 961 3341 ludere.

226 3381 267 3442 Iu
283 3379 395 3442 ceteris
417 3380 560 3459 partibus
574 3382 659 3442 vitae
680 3384 987 3445 continentissimum
1009 3394 1132 3449 constat
1152 3409 1189 3449 ac
1210 3399 1246 3449 72

146 3486 254 3553 sosine
275 3484 453 3564 suspicione
474 3486 569 3546 ullius
584 3487 665 3548 vitii.
708 3490 878 3551 Habitavit
899 3492 1002 3569 primo
1023 3493 1112 3554 iuxta
1129 3496 1189 3553 Ro·

186 3611 313 3651 manum
324 3591 428 3650 forum
444 3610 539 3668 supra
554 3593 658 3652 Scalas
671 3594 839 3655 Anularias
854 3596 887 3655 in
902 3597 994 3657 domo
1009 3618 1088 3676 quae
1098 3600 1187 3660 Calvi

185 3696 317 3756 oratoris
346 3696 469 3770 fuerat3
504 3703 613 3774 postea
639 3699 672 3758 in
699 3700 833 3775 Palatio,
862 3702 917 3761 sed
948 3702 1049 3763 nihilo
1084 3704 1187 3766 minus
