2812 4140
437 279 548 330 nrnna
572 279 608 331 11.
646 280 758 332 nrvus
781 281 973 333 sususrus
1166 270 1206 335 81

146 463 182 513 59
243 453 367 512 Medico
381 452 521 512 Antonio
535 453 655 527 Musae,
671 453 758 512 cuius
773 472 868 530 opera
888 473 926 514 ex
948 453 1078 531 ancipiti
1101 454 1209 514 morbo

206 558 414 632 convaluerat,
430 562 567 617 statuam
577 576 648 617 aere
663 557 786 617 conlato
800 558 889 618 iuxta
904 545 1028 634 signum
1039 558 1210 637 Aesculapi

206 668 391 722 statuerunt.
446 661 601 722 Nonnulli
631 667 757 740 patrum
792 662 986 723 familiarum
1021 669 1209 724 testamento

206 773 355 828 caverunt
368 774 405 828 ut
417 767 458 828 ab
471 767 639 828 heredibus
654 768 719 827 suis
736 768 877 847 praelato
891 768 986 828 titulo
1001 769 1157 830 victumae
1175 770 1210 828 in

206 874 397 952 Capitolium
411 874 600 933 ducerentur
616 879 787 954 votumque
806 893 863 951 pro
879 893 912 934 se
933 875 1107 935 solveretur
1126 875 1233 952 quodt

206 980 409 1057 superstitem
436 979 616 1056 Augustum
644 980 854 1056 reliquissent.
910 980 1069 1050 Quaedam
1097 980 1210 1040 Italiae

207 1084 351 1144 civitates
366 1085 450 1144 diem
471 1104 533 1161 quo
554 1085 691 1162 primum
711 1086 752 1144 ad
774 1104 806 1144 se
828 1085 967 1145 venisset
988 1085 1115 1145 initium
1135 1085 1210 1144 anni

206 1190 357 1250 fecerunt.
393 1189 631 1249 Provinciarum
650 1190 817 1267 pleraeque
836 1185 930 1267 super
949 1185 1068 1268 templa
1092 1196 1124 1250 et
1140 1208 1210 1250 aras

206 1295 297 1355 ludos
318 1313 442 1372 quoque
463 1294 711 1371 quinquennales
734 1313 832 1372 paene
848 1294 1024 1373 oppidatim
1045 1295 1212 1355 constitue·

206 1406 288 1460 runt.
748 1388 752 1395 ¹
1220 1413 1249 1458 10

148 1514 184 1564 60
247 1507 348 1581 Reges
362 1506 455 1565 amici
469 1511 564 1583 atque
580 1506 656 1565 socii
670 1513 702 1566 et
717 1506 834 1582 singuli
848 1506 883 1565 in
897 1526 953 1565 suo
968 1507 1102 1583 quisque
1116 1524 1211 1582 regno

207 1611 373 1672 Caesareas
388 1611 481 1670 urbes
502 1612 709 1671 condiderunt
723 1617 755 1670 et
773 1612 878 1671 cuncti
891 1612 985 1670 simul
1000 1612 1109 1672 aedem
1124 1610 1211 1672 Iovis
1261 1649 1264 1655 -

207 1715 349 1794 Olympii
376 1715 511 1776 Athenis
542 1716 719 1794 antiquitus
750 1716 928 1775 incohatam
956 1715 1105 1793 perficere
1134 1734 1213 1776 com·

207 1821 296 1880 muni
310 1826 439 1899 sumptu
457 1821 697 1881 destinaverunt
719 1821 882 1898 Genioque
903 1821 970 1880 eius
992 1821 1155 1896 dedicare;
1176 1839 1213 1880 ao

208 1945 300 2004 saepe
315 1927 419 2003 regnis
434 1926 552 1985 relictis
570 1946 634 1985 non
656 1928 774 1986 Romae
796 1926 888 1984 modo
905 1925 960 1985 sed
981 1931 1014 1985 et
1034 1926 1212 2003 provincias
1222 1938 1250 1983 rs

208 2031 388 2110 peragranti
410 2031 567 2090 cotidiana
588 2030 689 2091 officia
709 2030 809 2107 togati
830 2050 867 2091 ac
894 2031 962 2090 sine
989 2030 1075 2106 regio
1096 2030 1213 2107 insigni

208 2155 293 2197 more
308 2136 471 2196 clientium
484 2137 720 2214 praestiterunt.

149 2252 184 2301 61
247 2241 401 2313 Quoniam
428 2240 531 2318 qualis
559 2241 594 2299 in
620 2241 750 2320 imperis
778 2262 815 2303 ac
842 2241 1080 2319 magistratibus
1109 2261 1214 2318 regen·

208 2347 310 2424 daque
335 2366 391 2424 per
414 2352 570 2407 terrarum
593 2347 700 2408 orbem
727 2367 803 2425 pace
830 2348 975 2425 belloque
1003 2367 1037 2407 re
1061 2367 1091 2425 p.
1117 2347 1215 2406 fuerit

210 2452 350 2531 exposui,
380 2452 515 2513 referam
542 2472 626 2512 nunc
655 2453 836 2513 interiorem
863 2472 900 2512 ac
928 2452 1118 2513 familiarem
1147 2452 1253 2511 eiusro

210 2558 309 2618 vitam
332 2557 508 2636 quibusque
532 2557 670 2617 moribus
692 2563 787 2634 atque
813 2558 941 2617 fortuna
965 2558 1051 2616 domi
1075 2540 1108 2617 et
1132 2557 1215 2617 inter

191 2682 282 2723 »suos
298 2663 398 2738 egerit
410 2682 430 2722 a
443 2663 572 2723 iuventa
585 2682 685 2739 usque
699 2662 740 2722 ad
755 2681 936 2740 supremum
951 2663 1035 2722 vitae
1049 2662 1142 2722 diem.

186 2782 201 2827 a
249 2770 386 2828 Matrem
406 2768 513 2828 amisit
534 2769 568 2825 in
584 2768 687 2846 primo
706 2768 879 2842 consulatu,
895 2786 1031 2827 sororem
1052 2767 1215 2827 Octaviam

102 2882 104 2886 '
211 2872 526 2950 quinquagensimum
561 2877 594 2932 et
628 2877 775 2950 quartum
809 2891 904 2948 agens
940 2872 1053 2932 aetatis
1089 2891 1214 2932 annum.

211 2977 349 3055 Utrique
371 2997 441 3037 cum
462 2978 631 3056 praecipua
652 2978 752 3038 officia
773 2977 865 3037 vivae
883 2977 1105 3055 praestitisset,
1120 2977 1255 3038 etiamas

211 3084 380 3144 defunctae
393 3084 525 3143 honores
541 3084 694 3144 maximos
708 3083 830 3144 tribuit.

153 3194 190 3247 02
251 3189 405 3267 Sponsam
419 3188 572 3249 habuerat
581 3189 764 3249 adulescens
779 3190 814 3248 P.
832 3189 946 3249 Servili
961 3188 1095 3249 isaurici
1108 3188 1216 3263 filiam,

213 3294 268 3355 sed
282 3294 500 3354 reconciliatus
515 3300 588 3372 post
605 3295 739 3372 primam
754 3295 943 3354 discordiam
962 3293 1112 3368 Antonio,
1127 3312 1218 3372 expo

214 3400 404 3462 stulantibus
418 3400 584 3477 utriusque
598 3400 753 3460 militibus
769 3405 806 3460 ut
820 3405 852 3460 et
865 3399 1097 3459 necessitudine
1111 3397 1218 3475 aliqua

213 3507 426 3584 iungerentur,
449 3507 629 3584 privignam
656 3508 722 3566 eius
751 3506 925 3580 Claudiam,
955 3504 1086 3564 Fulviae
1114 3522 1153 3563 ex
1181 3504 1257 3562 P.30

215 3612 325 3673 Clodio
338 3612 446 3687 liliam,
461 3599 553 3672 duxit
567 3632 696 3672 uxorem
710 3613 840 3671 vixdum
855 3611 994 3671 nubilem
1006 3630 1042 3670 ac
1057 3609 1218 3669 simultate

215 3737 285 3778 cum
306 3717 419 3777 Fulvia
447 3736 537 3776 socru
558 3723 627 3777 orta
654 3717 776 3777 dimisit
797 3718 949 3777 intactam
976 3716 1078 3776 adhuc
1105 3721 1138 3775 et
1158 3713 1219 3773 vir-
