<?xml version="1.0" encoding="UTF-8"?>
<!DOCTYPE html PUBLIC "-//W3C//DTD XHTML 1.0 Transitional//EN"
    "http://www.w3.org/TR/xhtml1/DTD/xhtml1-transitional.dtd">
<html xmlns="http://www.w3.org/1999/xhtml" xml:lang="en" lang="en">
 <head>
  <title>
</title>
<meta http-equiv="Content-Type" content="text/html;charset=utf-8" />
  <meta name='ocr-system' content='tesseract 3.04.00' />
  <meta name='ocr-capabilities' content='ocr_page ocr_carea ocr_par ocr_line ocrx_word'/>
</head>
<body>
  <div class='ocr_page' id='page_1' title='image "./gaisuetonitranq00suetgoog_0069.png"; bbox 0 0 2812 4140; ppageno 0'>
   <div class='ocr_carea' id='block_1_1' title="bbox 192 252 1149 323">
    <p class='ocr_par' dir='ltr' id='par_1_1' title="bbox 192 252 1149 323">
     <span class='ocr_line' id='line_1_1' title="bbox 192 252 1149 323; baseline -0.006 -7"><span class='ocrx_word' id='word_1_1' title='bbox 192 252 232 316; x_wconf 91' lang='lat'>10</span> <span class='ocrx_word' id='word_1_2' title='bbox 274 262 305 313; x_wconf 86' lang='lat' dir='ltr'>o.</span> <span class='ocrx_word' id='word_1_3' title='bbox 330 260 486 313; x_wconf 81' lang='lat' dir='ltr'>suuroru</span> <span class='ocrx_word' id='word_1_4' title='bbox 509 259 737 323; x_wconf 76' lang='lat' dir='ltr'>rnnnoumnr</span> <span class='ocrx_word' id='word_1_5' title='bbox 760 261 809 310; x_wconf 85' lang='lat' dir='ltr'>nn</span> <span class='ocrx_word' id='word_1_6' title='bbox 832 261 923 310; x_wconf 67' lang='lat' dir='ltr'>vrrs</span> <span class='ocrx_word' id='word_1_7' title='bbox 947 260 1149 312; x_wconf 76' lang='lat' dir='ltr'>cnusnsuu</span> 
     </span>
    </p>
   </div>
   <div class='ocr_carea' id='block_1_2' title="bbox 146 432 1307 3779">
    <p class='ocr_par' dir='ltr' id='par_1_2' title="bbox 189 432 1215 826">
     <span class='ocr_line' id='line_1_2' title="bbox 190 432 1192 510; baseline -0.002 -16"><span class='ocrx_word' id='word_1_8' title='bbox 190 435 276 494; x_wconf 91' lang='lat' dir='ltr'>tione</span> <span class='ocrx_word' id='word_1_9' title='bbox 293 453 446 493; x_wconf 90' lang='lat' dir='ltr'>novorum</span> <span class='ocrx_word' id='word_1_10' title='bbox 463 433 665 508; x_wconf 81' lang='lat' dir='ltr'>vectigalium</span> <span class='ocrx_word' id='word_1_11' title='bbox 687 433 913 492; x_wconf 80' lang='lat' dir='ltr'>inmoderatius</span> <span class='ocrx_word' id='word_1_12' title='bbox 934 432 1104 493; x_wconf 88' lang='lat' dir='ltr'>licerentur</span> <span class='ocrx_word' id='word_1_13' title='bbox 1125 451 1192 510; x_wconf 84' lang='lat' dir='ltr'>pro</span> 
     </span>
     <span class='ocr_line' id='line_1_3' title="bbox 190 537 1192 617; baseline -0.003 -18"><span class='ocrx_word' id='word_1_14' title='bbox 190 541 296 617; x_wconf 89' lang='lat' dir='ltr'>palam</span> <span class='ocrx_word' id='word_1_15' title='bbox 330 539 460 598; x_wconf 91' lang='lat' dir='ltr'>monuit.</span> <span class='ocrx_word' id='word_1_16' title='bbox 517 539 629 598; x_wconf 89' lang='lat' dir='ltr'>Cetera</span> <span class='ocrx_word' id='word_1_17' title='bbox 659 538 736 597; x_wconf 91' lang='lat' dir='ltr'>item</span> <span class='ocrx_word' id='word_1_18' title='bbox 768 557 847 615; x_wconf 89' lang='lat' dir='ltr'>quae</span> <span class='ocrx_word' id='word_1_19' title='bbox 879 538 991 614; x_wconf 88' lang='lat' dir='ltr'>cuique</span> <span class='ocrx_word' id='word_1_20' title='bbox 1024 537 1192 597; x_wconf 83' lang='lat' dir='ltr'>libuissent</span> 
     </span>
     <span class='ocr_line' id='line_1_4' title="bbox 190 640 1191 720; baseline -0.002 -17"><span class='ocrx_word' id='word_1_21' title='bbox 190 645 357 720; x_wconf 77' lang='lat' dir='ltr'>dilargitus</span> <span class='ocrx_word' id='word_1_22' title='bbox 379 650 428 704; x_wconf 92' lang='lat' dir='ltr'>est</span> <span class='ocrx_word' id='word_1_23' title='bbox 449 649 557 703; x_wconf 93' lang='lat' dir='ltr'>contra</span> <span class='ocrx_word' id='word_1_24' title='bbox 578 643 703 703; x_wconf 89' lang='lat' dir='ltr'>dicente</span> <span class='ocrx_word' id='word_1_25' title='bbox 723 643 811 702; x_wconf 93' lang='lat' dir='ltr'>nullo</span> <span class='ocrx_word' id='word_1_26' title='bbox 828 662 873 718; x_wconf 88' lang='lat' dir='ltr'>ac,</span> <span class='ocrx_word' id='word_1_27' title='bbox 889 643 916 702; x_wconf 90' lang='lat' dir='ltr'>si</span> <span class='ocrx_word' id='word_1_28' title='bbox 932 640 1097 703; x_wconf 89' lang='lat' dir='ltr'>conaretur</span> <span class='ocrx_word' id='word_1_29' title='bbox 1110 643 1191 719; x_wconf 90' lang='lat' dir='ltr'>quis,</span> 
     </span>
     <span class='ocr_line' id='line_1_5' title="bbox 189 748 1215 826; baseline -0.008 -16"><span class='ocrx_word' id='word_1_30' title='bbox 189 749 366 810; x_wconf 85' lang='lat' dir='ltr'>absterrito.</span> <span class='ocrx_word' id='word_1_31' title='bbox 409 750 552 809; x_wconf 88' lang='lat' dir='ltr'>Marcum</span> <span class='ocrx_word' id='word_1_32' title='bbox 566 749 717 809; x_wconf 89' lang='lat' dir='ltr'>Catonem</span> <span class='ocrx_word' id='word_1_33' title='bbox 734 748 990 826; x_wconf 88' lang='lat' dir='ltr'>interpellantem</span> <span class='ocrx_word' id='word_1_34' title='bbox 1005 748 1129 809; x_wconf 84' lang='lat' dir='ltr'>extrahi</span> <span class='ocrx_word' id='word_1_35' title='bbox 1144 758 1215 808; x_wconf 72' lang='lat' dir='ltr'>cus</span> 
     </span>
    </p>

    <p class='ocr_par' dir='ltr' id='par_1_3' title="bbox 166 853 1192 1354">
     <span class='ocr_line' id='line_1_6' title="bbox 166 853 1192 934; baseline 0 -22"><span class='ocrx_word' id='word_1_36' title='bbox 166 855 237 916; x_wconf 77' lang='lat' dir='ltr'>cria</span> <span class='ocrx_word' id='word_1_37' title='bbox 264 875 320 934; x_wconf 88' lang='lat' dir='ltr'>per</span> <span class='ocrx_word' id='word_1_38' title='bbox 347 855 490 915; x_wconf 88' lang='lat' dir='ltr'>lictorem</span> <span class='ocrx_word' id='word_1_39' title='bbox 524 854 658 931; x_wconf 88' lang='lat' dir='ltr'>ducique</span> <span class='ocrx_word' id='word_1_40' title='bbox 685 855 720 913; x_wconf 94' lang='lat' dir='ltr'>in</span> <span class='ocrx_word' id='word_1_41' title='bbox 748 873 901 915; x_wconf 83' lang='lat' dir='ltr'>carcerem</span> <span class='ocrx_word' id='word_1_42' title='bbox 936 854 1037 914; x_wconf 85' lang='lat' dir='ltr'>iussit.</span> <span class='ocrx_word' id='word_1_43' title='bbox 1094 853 1192 913; x_wconf 87' lang='lat' dir='ltr'>Lucio</span> 
     </span>
     <span class='ocr_line' id='line_1_7' title="bbox 189 959 1191 1021; baseline -0.002 -2"><span class='ocrx_word' id='word_1_44' title='bbox 189 961 322 1021; x_wconf 86' lang='lat' dir='ltr'>Lucullo</span> <span class='ocrx_word' id='word_1_45' title='bbox 342 960 472 1019; x_wconf 87' lang='lat' dir='ltr'>liberius</span> <span class='ocrx_word' id='word_1_46' title='bbox 494 959 656 1019; x_wconf 86' lang='lat' dir='ltr'>resistenti</span> <span class='ocrx_word' id='word_1_47' title='bbox 677 965 802 1021; x_wconf 90' lang='lat' dir='ltr'>tanturn</span> <span class='ocrx_word' id='word_1_48' title='bbox 824 960 1051 1020; x_wconf 88' lang='lat' dir='ltr'>calumniarum</span> <span class='ocrx_word' id='word_1_49' title='bbox 1072 965 1191 1019; x_wconf 91' lang='lat' dir='ltr'>metum</span> 
     </span>
     <span class='ocr_line' id='line_1_8' title="bbox 189 1064 1191 1142; baseline -0.002 -17"><span class='ocrx_word' id='word_1_50' title='bbox 189 1065 298 1125; x_wconf 90' lang='lat' dir='ltr'>iniecit</span> <span class='ocrx_word' id='word_1_51' title='bbox 324 1072 361 1125; x_wconf 92' lang='lat' dir='ltr'>ut</span> <span class='ocrx_word' id='word_1_52' title='bbox 388 1066 428 1125; x_wconf 92' lang='lat' dir='ltr'>ad</span> <span class='ocrx_word' id='word_1_53' title='bbox 456 1084 558 1142; x_wconf 83' lang='lat' dir='ltr'>genua</span> <span class='ocrx_word' id='word_1_54' title='bbox 578 1066 662 1125; x_wconf 89' lang='lat' dir='ltr'>ultro</span> <span class='ocrx_word' id='word_1_55' title='bbox 691 1065 751 1125; x_wconf 92' lang='lat' dir='ltr'>sibi</span> <span class='ocrx_word' id='word_1_56' title='bbox 778 1066 942 1126; x_wconf 87' lang='lat' dir='ltr'>accideret.</span> <span class='ocrx_word' id='word_1_57' title='bbox 985 1064 1134 1125; x_wconf 75' lang='lat' dir='ltr'>Cicerone</span> <span class='ocrx_word' id='word_1_58' title='bbox 1158 1065 1191 1122; x_wconf 93' lang='lat' dir='ltr'>in</span> 
     </span>
     <span class='ocr_line' id='line_1_9' title="bbox 188 1169 1191 1249; baseline -0.001 -20"><span class='ocrx_word' id='word_1_59' title='bbox 188 1171 304 1230; x_wconf 92' lang='lat' dir='ltr'>iudicio</span> <span class='ocrx_word' id='word_1_60' title='bbox 326 1171 462 1248; x_wconf 91' lang='lat' dir='ltr'>quodam</span> <span class='ocrx_word' id='word_1_61' title='bbox 483 1171 667 1248; x_wconf 85' lang='lat' dir='ltr'>deplorante</span> <span class='ocrx_word' id='word_1_62' title='bbox 689 1178 866 1249; x_wconf 90' lang='lat' dir='ltr'>temporum</span> <span class='ocrx_word' id='word_1_63' title='bbox 891 1177 1019 1246; x_wconf 87' lang='lat' dir='ltr'>statum,</span> <span class='ocrx_word' id='word_1_64' title='bbox 1042 1169 1191 1229; x_wconf 90' lang='lat' dir='ltr'>Publium</span> 
     </span>
     <span class='ocr_line' id='line_1_10' title="bbox 189 1275 1190 1354; baseline -0.001 -19"><span class='ocrx_word' id='word_1_65' title='bbox 189 1276 334 1336; x_wconf 92' lang='lat' dir='ltr'>Clodium</span> <span class='ocrx_word' id='word_1_66' title='bbox 355 1275 518 1335; x_wconf 90' lang='lat' dir='ltr'>inimicum</span> <span class='ocrx_word' id='word_1_67' title='bbox 538 1277 616 1351; x_wconf 87' lang='lat' dir='ltr'>eius,</span> <span class='ocrx_word' id='word_1_68' title='bbox 638 1277 758 1337; x_wconf 86' lang='lat' dir='ltr'>frustra</span> <span class='ocrx_word' id='word_1_69' title='bbox 779 1277 842 1337; x_wconf 89' lang='lat' dir='ltr'>iam</span> <span class='ocrx_word' id='word_1_70' title='bbox 863 1277 985 1354; x_wconf 86' lang='lat' dir='ltr'>pridem</span> <span class='ocrx_word' id='word_1_71' title='bbox 1007 1295 1027 1336; x_wconf 91' lang='lat' dir='ltr'>a</span> <span class='ocrx_word' id='word_1_72' title='bbox 1047 1275 1190 1353; x_wconf 89' lang='lat' dir='ltr'>patribus</span> 
     </span>
    </p>

    <p class='ocr_par' dir='ltr' id='par_1_4' title="bbox 148 1380 1214 1880">
     <span class='ocr_line' id='line_1_11' title="bbox 148 1380 1191 1459; baseline -0.001 -18"><span class='ocrx_word' id='word_1_73' title='bbox 148 1396 176 1441; x_wconf 88' lang='lat'>10</span> <span class='ocrx_word' id='word_1_74' title='bbox 188 1381 229 1441; x_wconf 90' lang='lat' dir='ltr'>ad</span> <span class='ocrx_word' id='word_1_75' title='bbox 249 1380 374 1458; x_wconf 88' lang='lat' dir='ltr'>plebem</span> <span class='ocrx_word' id='word_1_76' title='bbox 395 1381 529 1440; x_wconf 87' lang='lat' dir='ltr'>transire</span> <span class='ocrx_word' id='word_1_77' title='bbox 553 1382 717 1457; x_wconf 93' lang='lat' dir='ltr'>nitentem,</span> <span class='ocrx_word' id='word_1_78' title='bbox 740 1382 848 1441; x_wconf 88' lang='lat' dir='ltr'>eodem</span> <span class='ocrx_word' id='word_1_79' title='bbox 869 1382 920 1441; x_wconf 91' lang='lat' dir='ltr'>die</span> <span class='ocrx_word' id='word_1_80' title='bbox 942 1382 1080 1459; x_wconf 86' lang='lat' dir='ltr'>horaque</span> <span class='ocrx_word' id='word_1_81' title='bbox 1109 1399 1191 1440; x_wconf 89' lang='lat' dir='ltr'>nona</span> 
     </span>
     <span class='ocr_line' id='line_1_12' title="bbox 188 1485 1214 1560; baseline 0.003 -14"><span class='ocrx_word' id='word_1_82' title='bbox 188 1486 377 1546; x_wconf 85' lang='lat' dir='ltr'>transduxit.</span> <span class='ocrx_word' id='word_1_83' title='bbox 428 1486 592 1546; x_wconf 90' lang='lat' dir='ltr'>Postremo</span> <span class='ocrx_word' id='word_1_84' title='bbox 620 1488 654 1545; x_wconf 91' lang='lat' dir='ltr'>in</span> <span class='ocrx_word' id='word_1_85' title='bbox 680 1487 843 1546; x_wconf 86' lang='lat' dir='ltr'>universos</span> <span class='ocrx_word' id='word_1_86' title='bbox 872 1487 1014 1548; x_wconf 87' lang='lat' dir='ltr'>diversae</span> <span class='ocrx_word' id='word_1_87' title='bbox 1043 1485 1214 1560; x_wconf 77' lang='lat' dir='ltr'>factionisc</span> 
     </span>
     <span class='ocr_line' id='line_1_13' title="bbox 188 1590 1191 1669; baseline 0.003 -21"><span class='ocrx_word' id='word_1_88' title='bbox 188 1590 353 1650; x_wconf 92' lang='lat' dir='ltr'>indicem.</span> <span class='ocrx_word' id='word_1_89' title='bbox 377 1637 383 1650; x_wconf 91' lang='lat'><strong>.</strong></span> <span class='ocrx_word' id='word_1_90' title='bbox 407 1591 600 1650; x_wconf 83' lang='lat' dir='ltr'>‚inductum</span> <span class='ocrx_word' id='word_1_91' title='bbox 635 1592 783 1669; x_wconf 88' lang='lat' dir='ltr'>praemiis</span> <span class='ocrx_word' id='word_1_92' title='bbox 817 1598 854 1652; x_wconf 89' lang='lat' dir='ltr'>ut</span> <span class='ocrx_word' id='word_1_93' title='bbox 888 1611 921 1652; x_wconf 88' lang='lat' dir='ltr'>se</span> <span class='ocrx_word' id='word_1_94' title='bbox 952 1592 991 1652; x_wconf 91' lang='lat' dir='ltr'>de</span> <span class='ocrx_word' id='word_1_95' title='bbox 1027 1591 1191 1651; x_wconf 88' lang='lat' dir='ltr'>inferenda</span> 
     </span>
     <span class='ocr_line' id='line_1_14' title="bbox 188 1695 1191 1774; baseline 0 -20"><span class='ocrx_word' id='word_1_96' title='bbox 188 1695 339 1773; x_wconf 90' lang='lat' dir='ltr'>Pompeio</span> <span class='ocrx_word' id='word_1_97' title='bbox 353 1714 428 1755; x_wconf 86' lang='lat' dir='ltr'>nece</span> <span class='ocrx_word' id='word_1_98' title='bbox 446 1696 651 1756; x_wconf 91' lang='lat' dir='ltr'>sollicitatum</span> <span class='ocrx_word' id='word_1_99' title='bbox 668 1716 687 1756; x_wconf 87' lang='lat' dir='ltr'>a</span> <span class='ocrx_word' id='word_1_100' title='bbox 704 1697 892 1774; x_wconf 89' lang='lat' dir='ltr'>quibusdam</span> <span class='ocrx_word' id='word_1_101' title='bbox 906 1697 1107 1774; x_wconf 85' lang='lat' dir='ltr'>profiteretur</span> <span class='ocrx_word' id='word_1_102' title='bbox 1124 1714 1191 1773; x_wconf 81' lang='lat' dir='ltr'>pro</span> 
     </span>
     <span class='ocr_line' id='line_1_15' title="bbox 188 1801 1190 1880; baseline 0.001 -21"><span class='ocrx_word' id='word_1_103' title='bbox 188 1801 363 1877; x_wconf 89' lang='lat' dir='ltr'>ductusque</span> <span class='ocrx_word' id='word_1_104' title='bbox 389 1821 447 1880; x_wconf 89' lang='lat' dir='ltr'>pro</span> <span class='ocrx_word' id='word_1_105' title='bbox 468 1801 579 1862; x_wconf 89' lang='lat' dir='ltr'>rostris</span> <span class='ocrx_word' id='word_1_106' title='bbox 599 1808 741 1861; x_wconf 84' lang='lat' dir='ltr'>auctores</span> <span class='ocrx_word' id='word_1_107' title='bbox 764 1822 802 1862; x_wconf 89' lang='lat' dir='ltr'>ex</span> <span class='ocrx_word' id='word_1_108' title='bbox 824 1809 974 1879; x_wconf 91' lang='lat' dir='ltr'>conpacto</span> <span class='ocrx_word' id='word_1_109' title='bbox 995 1801 1190 1877; x_wconf 89' lang='lat' dir='ltr'>nominaret;</span> 
     </span>
    </p>

    <p class='ocr_par' dir='ltr' id='par_1_5' title="bbox 150 1905 1191 2196">
     <span class='ocr_line' id='line_1_16' title="bbox 150 1905 1189 1984; baseline -0.001 -20"><span class='ocrx_word' id='word_1_110' title='bbox 150 1920 178 1964; x_wconf 82' lang='lat'>15</span> <span class='ocrx_word' id='word_1_111' title='bbox 188 1906 243 1965; x_wconf 89' lang='lat' dir='ltr'>sed</span> <span class='ocrx_word' id='word_1_112' title='bbox 257 1925 319 1965; x_wconf 91' lang='lat' dir='ltr'>uno</span> <span class='ocrx_word' id='word_1_113' title='bbox 340 1912 436 1984; x_wconf 89' lang='lat' dir='ltr'>atque</span> <span class='ocrx_word' id='word_1_114' title='bbox 456 1907 557 1967; x_wconf 89' lang='lat' dir='ltr'>altero</span> <span class='ocrx_word' id='word_1_115' title='bbox 578 1907 697 1966; x_wconf 86' lang='lat' dir='ltr'>frustra</span> <span class='ocrx_word' id='word_1_116' title='bbox 717 1927 775 1966; x_wconf 91' lang='lat' dir='ltr'>nec</span> <span class='ocrx_word' id='word_1_117' title='bbox 793 1907 860 1967; x_wconf 87' lang='lat' dir='ltr'>sine</span> <span class='ocrx_word' id='word_1_118' title='bbox 876 1907 1053 1984; x_wconf 86' lang='lat' dir='ltr'>suspicione</span> <span class='ocrx_word' id='word_1_119' title='bbox 1068 1905 1189 1966; x_wconf 88' lang='lat' dir='ltr'>fraudis</span> 
     </span>
     <span class='ocr_line' id='line_1_17' title="bbox 187 2011 1191 2090; baseline 0 -20"><span class='ocrx_word' id='word_1_120' title='bbox 187 2012 368 2088; x_wconf 88' lang='lat' dir='ltr'>nominatis,</span> <span class='ocrx_word' id='word_1_121' title='bbox 383 2012 552 2090; x_wconf 87' lang='lat' dir='ltr'>desperans</span> <span class='ocrx_word' id='word_1_122' title='bbox 568 2016 633 2071; x_wconf 88' lang='lat' dir='ltr'>tam</span> <span class='ocrx_word' id='word_1_123' title='bbox 648 2012 831 2090; x_wconf 87' lang='lat' dir='ltr'>praecipitis</span> <span class='ocrx_word' id='word_1_124' title='bbox 846 2013 970 2072; x_wconf 86' lang='lat' dir='ltr'>consilii</span> <span class='ocrx_word' id='word_1_125' title='bbox 984 2017 1132 2072; x_wconf 89' lang='lat' dir='ltr'>eventum</span> <span class='ocrx_word' id='word_1_126' title='bbox 1147 2011 1191 2070; x_wconf 91' lang='lat' dir='ltr'>in-</span> 
     </span>
     <span class='ocr_line' id='line_1_18' title="bbox 187 2117 800 2196; baseline 0 -18"><span class='ocrx_word' id='word_1_127' title='bbox 187 2118 357 2196; x_wconf 90' lang='lat' dir='ltr'>tercepisse</span> <span class='ocrx_word' id='word_1_128' title='bbox 372 2137 490 2177; x_wconf 86' lang='lat' dir='ltr'>veneno</span> <span class='ocrx_word' id='word_1_129' title='bbox 505 2117 640 2177; x_wconf 90' lang='lat' dir='ltr'>indicem</span> <span class='ocrx_word' id='word_1_130' title='bbox 654 2118 800 2178; x_wconf 87' lang='lat' dir='ltr'>creditur.</span> 
     </span>
    </p>

    <p class='ocr_par' dir='ltr' id='par_1_6' title="bbox 187 2222 1307 2408">
     <span class='ocr_line' id='line_1_19' title="bbox 228 2222 1246 2300; baseline 0.001 -17"><span class='ocrx_word' id='word_1_131' title='bbox 228 2222 293 2283; x_wconf 81' lang='lat' dir='ltr'>Sub</span> <span class='ocrx_word' id='word_1_132' title='bbox 313 2223 398 2282; x_wconf 92' lang='lat' dir='ltr'>idem</span> <span class='ocrx_word' id='word_1_133' title='bbox 425 2228 551 2299; x_wconf 88' lang='lat' dir='ltr'>tempus</span> <span class='ocrx_word' id='word_1_134' title='bbox 574 2223 777 2300; x_wconf 85' lang='lat' dir='ltr'>Calpurniam</span> <span class='ocrx_word' id='word_1_135' title='bbox 798 2225 833 2283; x_wconf 87' lang='lat' dir='ltr'>L.</span> <span class='ocrx_word' id='word_1_136' title='bbox 855 2224 981 2285; x_wconf 90' lang='lat' dir='ltr'>Pisonis</span> <span class='ocrx_word' id='word_1_137' title='bbox 1005 2223 1105 2284; x_wconf 90' lang='lat' dir='ltr'>filiam</span> <span class='ocrx_word' id='word_1_138' title='bbox 1126 2241 1191 2283; x_wconf 79' lang='lat' dir='ltr'>sue</span> <span class='ocrx_word' id='word_1_139' title='bbox 1214 2233 1246 2284; x_wconf 89' lang='grc'>21</span> 
     </span>
     <span class='ocr_line' id='line_1_20' title="bbox 187 2329 1307 2408; baseline -0.001 -18"><span class='ocrx_word' id='word_1_140' title='bbox 187 2329 305 2390; x_wconf 90' lang='lat' dir='ltr'>cessuri</span> <span class='ocrx_word' id='word_1_141' title='bbox 327 2329 387 2388; x_wconf 90' lang='lat' dir='ltr'>sibi</span> <span class='ocrx_word' id='word_1_142' title='bbox 401 2329 435 2387; x_wconf 93' lang='lat' dir='ltr'>in</span> <span class='ocrx_word' id='word_1_143' title='bbox 449 2329 614 2389; x_wconf 88' lang='lat' dir='ltr'>consulatu</span> <span class='ocrx_word' id='word_1_144' title='bbox 633 2330 725 2390; x_wconf 85' lang='lat' dir='ltr'>duxit</span> <span class='ocrx_word' id='word_1_145' title='bbox 745 2350 874 2390; x_wconf 84' lang='lat' dir='ltr'>uxorem</span> <span class='ocrx_word' id='word_1_146' title='bbox 890 2332 1049 2408; x_wconf 86' lang='lat' dir='ltr'>suamque,</span> <span class='ocrx_word' id='word_1_147' title='bbox 1065 2330 1189 2404; x_wconf 84' lang='lat' dir='ltr'>Iuliam,</span> <span class='ocrx_word' id='word_1_148' title='bbox 1304 2384 1307 2389; x_wconf 89' lang='lat'>.</span> 
     </span>
    </p>

    <p class='ocr_par' dir='ltr' id='par_1_7' title="bbox 146 2434 1191 2934">
     <span class='ocr_line' id='line_1_21' title="bbox 146 2434 1191 2513; baseline 0.001 -21"><span class='ocrx_word' id='word_1_149' title='bbox 146 2447 176 2492; x_wconf 80' lang='grc' dir='ltr'>2ο</span> <span class='ocrx_word' id='word_1_150' title='bbox 187 2435 295 2495; x_wconf 84' lang='lat' dir='ltr'>Gnaeo</span> <span class='ocrx_word' id='word_1_151' title='bbox 309 2434 461 2510; x_wconf 91' lang='lat' dir='ltr'>Pompeio</span> <span class='ocrx_word' id='word_1_152' title='bbox 480 2435 664 2510; x_wconf 85' lang='lat' dir='ltr'>conlocavit,</span> <span class='ocrx_word' id='word_1_153' title='bbox 682 2435 848 2512; x_wconf 89' lang='lat' dir='ltr'>repudiato</span> <span class='ocrx_word' id='word_1_154' title='bbox 867 2436 970 2513; x_wconf 88' lang='lat' dir='ltr'>priore</span> <span class='ocrx_word' id='word_1_155' title='bbox 990 2454 1105 2512; x_wconf 89' lang='lat' dir='ltr'>sponso</span> <span class='ocrx_word' id='word_1_156' title='bbox 1125 2435 1191 2495; x_wconf 83' lang='lat' dir='ltr'>Ser-</span> 
     </span>
     <span class='ocr_line' id='line_1_22' title="bbox 186 2537 1190 2619; baseline 0.001 -21"><span class='ocrx_word' id='word_1_157' title='bbox 186 2538 263 2598; x_wconf 87' lang='lat' dir='ltr'>vilio</span> <span class='ocrx_word' id='word_1_158' title='bbox 291 2537 457 2616; x_wconf 80' lang='lat' dir='ltr'>Caepione,</span> <span class='ocrx_word' id='word_1_159' title='bbox 479 2540 567 2599; x_wconf 91' lang='lat' dir='ltr'>cuius</span> <span class='ocrx_word' id='word_1_160' title='bbox 597 2540 646 2599; x_wconf 85' lang='lat' dir='ltr'>vel</span> <span class='ocrx_word' id='word_1_161' title='bbox 675 2541 843 2619; x_wconf 87' lang='lat' dir='ltr'>praecipua</span> <span class='ocrx_word' id='word_1_162' title='bbox 871 2560 966 2618; x_wconf 91' lang='lat' dir='ltr'>opera</span> <span class='ocrx_word' id='word_1_163' title='bbox 994 2541 1088 2618; x_wconf 92' lang='lat' dir='ltr'>paulo</span> <span class='ocrx_word' id='word_1_164' title='bbox 1116 2545 1190 2600; x_wconf 89' lang='lat' dir='ltr'>ante</span> 
     </span>
     <span class='ocr_line' id='line_1_23' title="bbox 187 2642 1190 2724; baseline 0.002 -23"><span class='ocrx_word' id='word_1_165' title='bbox 187 2642 337 2702; x_wconf 92' lang='lat' dir='ltr'>Bibulum</span> <span class='ocrx_word' id='word_1_166' title='bbox 373 2643 611 2722; x_wconf 84' lang='lat' dir='ltr'>inpugnaverat.</span> <span class='ocrx_word' id='word_1_167' title='bbox 668 2646 715 2704; x_wconf 88' lang='lat' dir='ltr'>Ac</span> <span class='ocrx_word' id='word_1_168' title='bbox 752 2651 824 2724; x_wconf 93' lang='lat' dir='ltr'>post</span> <span class='ocrx_word' id='word_1_169' title='bbox 851 2665 966 2705; x_wconf 89' lang='lat' dir='ltr'>novam</span> <span class='ocrx_word' id='word_1_170' title='bbox 993 2645 1190 2706; x_wconf 87' lang='lat' dir='ltr'>adfinitatem</span> 
     </span>
     <span class='ocr_line' id='line_1_24' title="bbox 186 2748 1191 2830; baseline 0.002 -23"><span class='ocrx_word' id='word_1_171' title='bbox 186 2748 373 2826; x_wconf 90' lang='lat' dir='ltr'>Pompeium</span> <span class='ocrx_word' id='word_1_172' title='bbox 388 2749 526 2827; x_wconf 92' lang='lat' dir='ltr'>primum</span> <span class='ocrx_word' id='word_1_173' title='bbox 547 2770 655 2827; x_wconf 87' lang='lat' dir='ltr'>rogare</span> <span class='ocrx_word' id='word_1_174' title='bbox 677 2751 866 2811; x_wconf 88' lang='lat' dir='ltr'>sententiam</span> <span class='ocrx_word' id='word_1_175' title='bbox 889 2751 1001 2830; x_wconf 89' lang='lat' dir='ltr'>coepit,</span> <span class='ocrx_word' id='word_1_176' title='bbox 1017 2770 1088 2811; x_wconf 93' lang='lat' dir='ltr'>cum</span> <span class='ocrx_word' id='word_1_177' title='bbox 1103 2751 1191 2810; x_wconf 90' lang='lat' dir='ltr'>Cras·</span> 
     </span>
     <span class='ocr_line' id='line_1_25' title="bbox 187 2855 1191 2934; baseline 0.002 -21"><span class='ocrx_word' id='word_1_178' title='bbox 187 2873 256 2913; x_wconf 89' lang='lat' dir='ltr'>sum</span> <span class='ocrx_word' id='word_1_179' title='bbox 278 2855 393 2915; x_wconf 88' lang='lat' dir='ltr'>soleret</span> <span class='ocrx_word' id='word_1_180' title='bbox 416 2863 560 2933; x_wconf 89' lang='lat' dir='ltr'>essetque</span> <span class='ocrx_word' id='word_1_181' title='bbox 583 2858 774 2916; x_wconf 90' lang='lat' dir='ltr'>consuetudo</span> <span class='ocrx_word' id='word_1_182' title='bbox 798 2863 834 2917; x_wconf 90' lang='lat' dir='ltr'>ut</span> <span class='ocrx_word' id='word_1_183' title='bbox 861 2876 956 2934; x_wconf 86' lang='lat' dir='ltr'>quem</span> <span class='ocrx_word' id='word_1_184' title='bbox 980 2857 1122 2917; x_wconf 88' lang='lat' dir='ltr'>ordinem</span> <span class='ocrx_word' id='word_1_185' title='bbox 1147 2856 1191 2915; x_wconf 94' lang='lat' dir='ltr'>in-</span> 
     </span>
    </p>

    <p class='ocr_par' dir='ltr' id='par_1_8' title="bbox 150 2961 1189 3128">
     <span class='ocr_line' id='line_1_26' title="bbox 150 2961 1189 3036; baseline 0.002 -17"><span class='ocrx_word' id='word_1_186' title='bbox 150 2961 367 3035; x_wconf 78' lang='lat' dir='ltr'>acterrogandi</span> <span class='ocrx_word' id='word_1_187' title='bbox 389 2962 561 3022; x_wconf 87' lang='lat' dir='ltr'>sententias</span> <span class='ocrx_word' id='word_1_188' title='bbox 584 2962 691 3022; x_wconf 89' lang='lat' dir='ltr'>consul</span> <span class='ocrx_word' id='word_1_189' title='bbox 714 2963 787 3022; x_wconf 90' lang='lat' dir='ltr'>Kal.</span> <span class='ocrx_word' id='word_1_190' title='bbox 809 2963 965 3023; x_wconf 90' lang='lat' dir='ltr'>Ianuariis</span> <span class='ocrx_word' id='word_1_191' title='bbox 988 2962 1189 3036; x_wconf 91' lang='lat' dir='ltr'>instituisset,</span> 
     </span>
     <span class='ocr_line' id='line_1_27' title="bbox 186 3070 656 3128; baseline 0.011 -5"><span class='ocrx_word' id='word_1_192' title='bbox 186 3083 258 3124; x_wconf 87' lang='lat' dir='ltr'>eum</span> <span class='ocrx_word' id='word_1_193' title='bbox 272 3070 340 3125; x_wconf 89' lang='lat' dir='ltr'>toto</span> <span class='ocrx_word' id='word_1_194' title='bbox 353 3085 436 3126; x_wconf 89' lang='lat' dir='ltr'>anno</span> <span class='ocrx_word' id='word_1_195' title='bbox 451 3074 656 3128; x_wconf 85' lang='lat' dir='ltr'>conservaret.</span> 
     </span>
    </p>

    <p class='ocr_par' dir='ltr' id='par_1_9' title="bbox 186 3152 1249 3464">
     <span class='ocr_line' id='line_1_28' title="bbox 227 3152 1249 3253; baseline 0.009 -23"><span class='ocrx_word' id='word_1_196' title='bbox 227 3169 339 3230; x_wconf 88' lang='lat' dir='ltr'>Socero</span> <span class='ocrx_word' id='word_1_197' title='bbox 360 3171 458 3247; x_wconf 85' lang='lat' dir='ltr'>igitur</span> <span class='ocrx_word' id='word_1_198' title='bbox 479 3192 654 3251; x_wconf 83' lang='lat' dir='ltr'>generoque</span> <span class='ocrx_word' id='word_1_199' title='bbox 676 3152 921 3251; x_wconf 80' lang='lat' dir='ltr'>suffragantibus</span> <span class='ocrx_word' id='word_1_200' title='bbox 947 3195 985 3235; x_wconf 84' lang='lat' dir='ltr'>ex</span> <span class='ocrx_word' id='word_1_201' title='bbox 1009 3175 1095 3234; x_wconf 88' lang='lat' dir='ltr'>omni</span> <span class='ocrx_word' id='word_1_202' title='bbox 1122 3193 1191 3253; x_wconf 70' lang='lat' dir='ltr'>pro</span> <span class='ocrx_word' id='word_1_203' title='bbox 1214 3188 1249 3240; x_wconf 99' lang='grc'>22</span> 
     </span>
     <span class='ocr_line' id='line_1_29' title="bbox 186 3274 1192 3367; baseline 0.003 -32"><span class='ocrx_word' id='word_1_204' title='bbox 186 3274 362 3335; x_wconf 84' lang='lat' dir='ltr'>vinciarum</span> <span class='ocrx_word' id='word_1_205' title='bbox 377 3277 466 3367; x_wconf 72' lang='lat' dir='ltr'>copia</span> <span class='ocrx_word' id='word_1_206' title='bbox 481 3279 602 3339; x_wconf 85' lang='lat' dir='ltr'>Gallias</span> <span class='ocrx_word' id='word_1_207' title='bbox 619 3279 820 3358; x_wconf 91' lang='lat' dir='ltr'>potissimum</span> <span class='ocrx_word' id='word_1_208' title='bbox 835 3281 940 3357; x_wconf 84' lang='lat' dir='ltr'>elegit,</span> <span class='ocrx_word' id='word_1_209' title='bbox 952 3282 964 3323; x_wconf 65' lang='lat' dir='ltr'>l</span> <span class='ocrx_word' id='word_1_210' title='bbox 974 3281 1061 3340; x_wconf 91' lang='lat' dir='ltr'>cuius</span> <span class='ocrx_word' id='word_1_211' title='bbox 1077 3281 1192 3341; x_wconf 92' lang='lat' dir='ltr'>emolu·</span> 
     </span>
     <span class='ocr_line' id='line_1_30' title="bbox 187 3384 1190 3464; baseline 0.009 -25"><span class='ocrx_word' id='word_1_212' title='bbox 187 3385 293 3456; x_wconf 76' lang='lat' dir='ltr'>mento</span> <span class='ocrx_word' id='word_1_213' title='bbox 308 3386 340 3441; x_wconf 88' lang='lat' dir='ltr'>et</span> <span class='ocrx_word' id='word_1_214' title='bbox 354 3384 592 3460; x_wconf 87' lang='lat' dir='ltr'>opportunitate</span> <span class='ocrx_word' id='word_1_215' title='bbox 613 3385 724 3446; x_wconf 89' lang='lat' dir='ltr'>idonea</span> <span class='ocrx_word' id='word_1_216' title='bbox 739 3385 782 3447; x_wconf 89' lang='lat' dir='ltr'>sit</span> <span class='ocrx_word' id='word_1_217' title='bbox 797 3386 929 3446; x_wconf 88' lang='lat' dir='ltr'>materia</span> <span class='ocrx_word' id='word_1_218' title='bbox 948 3386 1190 3464; x_wconf 90' lang='lat' dir='ltr'>triumphorum.</span> 
     </span>
    </p>

    <p class='ocr_par' dir='ltr' id='par_1_10' title="bbox 147 3486 1191 3779">
     <span class='ocr_line' id='line_1_31' title="bbox 147 3486 1190 3570; baseline 0.009 -27"><span class='ocrx_word' id='word_1_219' title='bbox 147 3487 230 3545; x_wconf 79' lang='lat' dir='ltr'>ecEt</span> <span class='ocrx_word' id='word_1_220' title='bbox 258 3486 351 3548; x_wconf 91' lang='lat' dir='ltr'>initio</span> <span class='ocrx_word' id='word_1_221' title='bbox 376 3489 503 3566; x_wconf 91' lang='lat' dir='ltr'>quidem</span> <span class='ocrx_word' id='word_1_222' title='bbox 529 3490 666 3550; x_wconf 86' lang='lat' dir='ltr'>Galliam</span> <span class='ocrx_word' id='word_1_223' title='bbox 681 3492 887 3570; x_wconf 82' lang='lat' dir='ltr'>&#39;Cisalpinam</span> <span class='ocrx_word' id='word_1_224' title='bbox 913 3491 1043 3570; x_wconf 86' lang='lat' dir='ltr'>Illyrico</span> <span class='ocrx_word' id='word_1_225' title='bbox 1068 3492 1190 3552; x_wconf 88' lang='lat' dir='ltr'>adiecto</span> 
     </span>
     <span class='ocr_line' id='line_1_32' title="bbox 186 3592 1190 3674; baseline 0.005 -23"><span class='ocrx_word' id='word_1_226' title='bbox 186 3592 256 3670; x_wconf 83' lang='lat' dir='ltr'>lege</span> <span class='ocrx_word' id='word_1_227' title='bbox 267 3595 396 3655; x_wconf 91' lang='lat' dir='ltr'>Vatinia</span> <span class='ocrx_word' id='word_1_228' title='bbox 406 3595 545 3672; x_wconf 81' lang='lat' dir='ltr'>accepit3</span> <span class='ocrx_word' id='word_1_229' title='bbox 566 3615 638 3654; x_wconf 85' lang='lat' dir='ltr'>mox</span> <span class='ocrx_word' id='word_1_230' title='bbox 653 3615 709 3673; x_wconf 88' lang='lat' dir='ltr'>per</span> <span class='ocrx_word' id='word_1_231' title='bbox 724 3603 868 3656; x_wconf 89' lang='lat' dir='ltr'>senatum</span> <span class='ocrx_word' id='word_1_232' title='bbox 883 3596 1045 3656; x_wconf 84' lang='lat' dir='ltr'>Comatam</span> <span class='ocrx_word' id='word_1_233' title='bbox 1057 3616 1190 3674; x_wconf 89' lang='lat' dir='ltr'>quoque,</span> 
     </span>
     <span class='ocr_line' id='line_1_33' title="bbox 186 3700 1191 3779; baseline 0.003 -20"><span class='ocrx_word' id='word_1_234' title='bbox 186 3700 298 3760; x_wconf 82' lang='lat' dir='ltr'>veritis</span> <span class='ocrx_word' id='word_1_235' title='bbox 319 3700 463 3779; x_wconf 90' lang='lat' dir='ltr'>patribus</span> <span class='ocrx_word' id='word_1_236' title='bbox 491 3720 540 3776; x_wconf 91' lang='lat' dir='ltr'>ne,</span> <span class='ocrx_word' id='word_1_237' title='bbox 562 3701 590 3762; x_wconf 87' lang='lat' dir='ltr'>si</span> <span class='ocrx_word' id='word_1_238' title='bbox 618 3701 680 3779; x_wconf 92' lang='lat' dir='ltr'>ipsi</span> <span class='ocrx_word' id='word_1_239' title='bbox 701 3707 878 3778; x_wconf 86' lang='lat' dir='ltr'>negassent,</span> <span class='ocrx_word' id='word_1_240' title='bbox 900 3702 1035 3779; x_wconf 89' lang='lat' dir='ltr'>populus</span> <span class='ocrx_word' id='word_1_241' title='bbox 1058 3707 1090 3761; x_wconf 90' lang='lat' dir='ltr'>et</span> <span class='ocrx_word' id='word_1_242' title='bbox 1111 3702 1191 3762; x_wconf 88' lang='lat' dir='ltr'>hanc</span> 
     </span>
    </p>
   </div>
   <div class='ocr_carea' id='block_1_3' title="bbox 0 0 1410 4140">
    <p class='ocr_par' dir='ltr' id='par_1_11' title="bbox 0 0 1410 4140">
     <span class='ocr_line' id='line_1_34' title="bbox 0 0 1410 4140; baseline 0 5"><span class='ocrx_word' id='word_1_243' title='bbox 0 0 1410 4140; x_wconf 95' lang='lat' dir='ltr'> </span> 
     </span>
    </p>
   </div>
  </div>
 </body>
</html>
