2812 4140
484 261 595 311 arnan
617 260 639 310 1.
678 260 789 311 nurus
812 259 937 317 ruerus
1172 249 1213 313 27

208 434 298 511 quasi
319 434 413 511 plane
434 432 618 492 defensione
639 451 676 492 ac
697 431 872 509 patrocinio
890 450 940 491 res
962 438 1078 507 egeret,
1095 431 1213 491 librum

208 539 317 614 edidit,
339 559 402 598 non
423 557 491 598 esse
516 537 658 597 Caesaris
682 536 785 596 fflium
806 555 900 614 quem
926 536 1094 615 Cleopatra
1117 539 1212 600 dicat.

183 645 342 705 sHelvins
365 644 466 705 Cinna
487 651 525 704 tr.
549 643 591 722 pl.
614 643 774 721 plerisque
796 644 958 703 confessus
987 650 1036 704 est
1064 645 1213 705 habuisse

206 769 239 811 se
254 751 406 829 scriptam
428 756 632 828 paratamque
654 749 765 825 legem,
788 769 882 826 quam
903 749 1018 810 Caesar
1040 751 1123 810 ferre
1152 751 1213 810 ius-

206 857 300 916 sisset
317 875 388 916 cum
405 855 474 933 ipse
490 855 623 929 abesset,
639 856 687 914 uti
704 874 817 915 uxores
835 854 1006 916 liberorum
1024 858 1237 934 quaerendo-e

205 981 275 1020 rum
296 979 389 1022 causa
403 980 481 1038 quas
496 967 529 1020 et
544 966 622 1038 quot
636 960 734 1020 vellet
752 961 864 1020 ducere
879 961 996 1021 liceret.
1040 963 1085 1022 At
1103 981 1142 1022 ne
1163 963 1213 1022 cui

205 1067 336 1126 dubium
356 1066 483 1125 omnino
504 1065 547 1125 sit
568 1072 600 1125 et
621 1064 838 1143 impudicitiae
859 1073 892 1126 et
912 1066 1140 1126 adulteriorum
1160 1067 1213 1127 fla-

205 1191 311 1248 grasse
322 1171 463 1246 infamia,
476 1171 570 1231 Curio
581 1177 672 1248 pater
686 1171 822 1247 quadam
833 1190 905 1231 eum
920 1172 1059 1232 oratione
1068 1159 1212 1232 'omnium

206 1279 373 1337 mulierum
387 1277 490 1336 virum
506 1282 538 1336 et
552 1277 692 1335 omnium
706 1276 847 1336 virorum
862 1277 1025 1338 mulierem
1039 1278 1188 1356 appellat.

147 1394 182 1444 53
245 1383 320 1442 Vini
355 1382 576 1459 parcissimum
611 1401 649 1439 ne
685 1381 806 1441 inimici
842 1382 971 1459 quidem
1005 1390 1210 1459 negaverunt.
1222 1398 1251 1444 10

206 1488 526 1546 MaroiCatouisest:
557 1505 676 1545 unum
707 1505 753 1545 ex
782 1487 966 1547 omnibus
998 1488 1213 1549 Caesarem

204 1593 251 1652 ad
293 1592 554 1650 evertendam
590 1611 670 1650 rem
704 1591 911 1669 publicam
946 1593 1126 1652 sobrium
1159 1614 1214 1654 ao

206 1697 394 1756 cessisse.
435 1697 519 1757 Nam
541 1697 624 1756 circa
639 1685 759 1772 pictum
774 1696 872 1755 Gaius
888 1697 1010 1775 Oppius
1025 1698 1103 1757 adeo
1119 1699 1214 1758 indif-

206 1802 360 1861 ferentem
380 1803 472 1861 dooet
493 1808 529 1861 ut
550 1802 770 1878 quondamab
786 1801 912 1879 hospite
930 1803 1091 1878 conditum
1109 1804 1213 1863 oleum

205 1926 262 1984 pro
276 1906 372 1965 viridi
392 1905 573 1983 adpositum
593 1905 836 1985 aspernantibus
859 1908 970 1967 ceteris
993 1909 1095 1968 solum
1116 1910 1212 1969 etiarn
1223 1927 1252 1972 15

205 2010 322 2088 largius
345 2011 507 2088 appetisse
529 1995 655 2086 scribat,
673 2030 714 2070 ne
737 2003 895 2089 hospitem
918 2018 974 2072 aut
995 2013 1213 2089 neglegentiae

204 2122 260 2176 aut
280 2115 468 2175 rusticitatis
490 2115 651 2175 videretur
671 2135 809 2191 arguere.

147 2233 182 2284 54
246 2220 482 2281 Abstinentiam
496 2240 597 2297 neque
612 2221 646 2279 in
657 2220 799 2298 imperiis
811 2240 912 2298 neque
928 2223 961 2281 in
975 2224 1213 2299 magistratibus

205 2326 376 2404 praestitit.
424 2326 472 2385 Ut
499 2325 584 2384 enim
612 2326 741 2403 quidam
769 2328 980 2387 monumentis
1009 2329 1073 2388 suis
1103 2330 1214 2389 testati

205 2437 288 2506 sunt,
303 2431 337 2489 in
351 2430 510 2519 Hispania
524 2450 581 2508 pro
596 2431 721 2490 consule
736 2437 769 2491 et
783 2451 802 2491 a
817 2432 909 2490 sociis
928 2432 1076 2508 pecunias
1091 2435 1215 2512 accepit
1224 2450 1254 2496 ao

204 2537 415 2596 emendicatas
451 2536 484 2595 in
511 2535 665 2595 auxilium
693 2537 775 2596 aeris
803 2536 900 2596 alieni
928 2542 960 2596 et
989 2538 1213 2599 Lusitanorum

204 2642 358 2719 quaedam
373 2641 499 2719 oppida,
515 2660 695 2718 quanquam
710 2661 767 2701 neo
781 2642 936 2718 imperata
953 2642 1168 2704 detrectarent
1183 2652 1215 2705 et

181 2747 386 2810 convenienti
414 2754 521 2825 portas
551 2748 776 2825 patefacerent,
801 2747 936 2825 diripuit
962 2749 1131 2831 hostiliter.
1175 2752 1215 2809 In

206 2853 311 2913 Gallia
339 2853 414 2913 fana
442 2853 623 2930 templaque
650 2852 746 2911 deum
775 2851 866 2912 donis
897 2854 1016 2914 referta
1049 2856 1214 2932 expilavit,

206 2958 297 3019 urbes
326 2959 426 3018 diruit
453 2958 578 3034 saepius
608 2957 648 3016 ob
672 2957 822 3034 praedam
852 2978 948 3035 quam
972 2960 1011 3018 ob
1042 2960 1253 3035 delictum32o

205 3065 288 3124 unde
308 3064 428 3125 factum
447 3069 482 3122 ut
503 3081 580 3123 auro
599 3062 774 3122 abundaret
795 3065 956 3141 ternisque
979 3065 1106 3125 milibus
1128 3087 1216 3125 num-

206 3189 293 3228 mum
320 3169 354 3228 in
378 3168 474 3228 libras
504 3168 696 3245 promercale
726 3187 783 3246 per
814 3169 943 3228 Italiam
973 3170 1214 3248 provinciasque

182 3274 398 3334 adivenderet.
449 3275 488 3334 In
511 3273 613 3351 primo
638 3273 803 3333 consulatu
822 3274 884 3333 tria
909 3274 996 3334 milia
1019 3277 1123 3352 pondo
1145 3278 1215 3337 auri

207 3377 331 3439 furatus
359 3399 376 3439 e
403 3378 561 3456 Capitolio
584 3380 771 3439 tantundem
795 3379 931 3440 inaurati
955 3380 1037 3440 aeris
1063 3383 1213 3459 reposuit.

205 3486 378 3545 Societates
396 3505 432 3545 ac
454 3505 549 3561 regna
570 3487 672 3563 pretio
695 3485 793 3560 dedit,
816 3492 854 3545 ut
876 3487 930 3562 qni
952 3486 1008 3545 uni
1032 3488 1254 3548 Ptolemaeoao

206 3610 305 3670 prope
340 3611 395 3650 sex
430 3592 518 3651 milia
552 3592 744 3651 talentorum
779 3609 835 3650 suo
866 3592 1061 3670 Pompeique
1088 3594 1214 3653 nomine

207 3691 382 3759 abstulerit.
424 3697 539 3756 Postea
560 3715 634 3757 vero
655 3696 901 3756 evidentissimis
924 3697 1044 3775 rapinis
1065 3717 1101 3757 ao
1122 3699 1215 3758 sacri·
