2812 4140
442 270 553 321 umas
577 271 614 321 11.
649 270 763 322 uivus
786 270 978 323 suousrus
1169 261 1212 323 91

185 443 353 504 aessedo
382 461 524 520 panem
553 448 593 503 et
621 431 823 521 palmulas
853 443 1118 520 gustavimus.
1163 445 1212 510 Et

209 549 341 608 iterum:
373 548 472 606 Dum
496 548 648 608 lectica
676 566 721 608 ex
746 548 861 624 regia
889 548 1045 607 domum
1074 549 1209 625 redeo,

210 654 327 733 panis
352 653 510 712 unciam
535 672 619 712 cum
644 653 786 731 paucis
811 652 943 712 acinis
971 672 1071 714 uvae
1095 654 1211 714 dura·

210 759 323 819 cinae
343 758 505 818 comedi.
548 759 730 818 Etrursus:
755 759 812 818 Ne
835 758 1012 818 Iudaeus
1033 759 1209 836 quidem,

210 865 260 923 mi
280 864 437 938 Tiberi,
453 870 533 924 tam
551 864 781 940 diligenter
802 863 989 924 sabbatis
1011 863 1233 928 ieiuniums

210 974 352 1029 servat
380 988 495 1046 quam
523 989 594 1045 ego
622 969 744 1030 hodie
773 969 957 1044 servavi,
983 969 1053 1046 qui
1080 970 1121 1029 in
1147 970 1211 1031 ba·

210 1075 322 1135 lineo
363 1076 516 1134 demum
555 1080 650 1154 post
689 1076 826 1136 horam
863 1076 1034 1154 primam
1074 1077 1209 1136 noctis

209 1182 307 1241 duas
338 1181 484 1240 buccas
518 1181 758 1241 manducavi
788 1181 902 1258 prius
939 1200 1052 1258 quam
1085 1181 1210 1257 ungui

209 1287 448 1364 inciperem.
491 1287 540 1345 Ex
564 1286 623 1346 hac
648 1286 881 1346 inobservantia
904 1305 1139 1363 nonnumquam
1159 1286 1209 1345 vel

208 1397 282 1451 ante
303 1391 418 1451 initum
439 1391 490 1451 vel
511 1397 584 1468 post
604 1391 771 1451 dimissum
791 1392 970 1452 convivium
991 1391 1075 1451 solus
1098 1391 1248 1453 cenita1o
1363 1473 1366 1479 ἢ

208 1497 271 1572 bat,
294 1515 365 1556 cum
385 1496 479 1574 pleno
501 1496 644 1556 convivio
665 1496 746 1555 nihil
768 1502 919 1573 tangeret.

149 1607 184 1660 77
248 1602 324 1663 Vini
347 1620 470 1678 quoque
493 1607 607 1661 natura
628 1602 831 1678 parcissimus
856 1608 932 1663 erat.
977 1604 1052 1663 Non
1072 1603 1209 1681 amplius

209 1714 257 1767 ter
281 1706 388 1767 bibere
412 1726 483 1766 eum
509 1707 637 1765 solitum
666 1725 760 1784 super
789 1727 896 1767 cenam
925 1709 958 1766 in
986 1708 1097 1769 castris
1126 1708 1210 1787 apud

207 1812 366 1872 Mutinam
386 1811 548 1872 Cornelius
570 1812 678 1889 Nepos
701 1812 808 1872 tradit.
850 1814 966 1873 Postea
986 1813 1132 1890 quotiens
1153 1814 1212 1873 lar-

208 1917 336 1994 gissime
351 1935 384 1976 se
401 1916 562 1991 invitaret,
578 1935 668 1975 senos
690 1922 851 1977 sextantes
868 1937 932 1977 non
948 1919 1083 1978 excessit
1096 1924 1161 1993 aut,
1183 1918 1210 1976 si
1220 1932 1250 1978 lc

208 2022 402 2096 excessisset,
418 2021 575 2082 reiciebat.
617 2024 660 2081 Et
675 2022 811 2082 maxime
825 2023 999 2084 delectatus
1017 2029 1066 2083 est
1080 2022 1211 2082 Raetico

98 2147 100 2153 ·
207 2147 309 2205 neque
328 2133 445 2187 temere
460 2126 599 2187 interdiu
617 2126 707 2187 bibit.
749 2128 811 2186 Pro
832 2129 960 2206 potione
981 2128 1124 2188 sumebat
1144 2147 1212 2206 per-

207 2234 315 2293 fusum
338 2250 420 2309 aqua
445 2231 562 2308 frigida
586 2250 701 2308 panem
723 2238 780 2292 aut
804 2233 975 2293 cucumeris
999 2233 1137 2292 frustum
1159 2233 1210 2293 vel

206 2339 381 2399 lactuculae
406 2337 554 2415 thyrsum
580 2342 637 2396 aut
661 2355 768 2397 recens
796 2338 959 2399 aridumve
988 2358 1116 2417 pomum
1144 2338 1211 2397 suoi

206 2443 382 2502 vinosioris.
1220 2458 1250 2504 20

148 2555 184 2606 78
246 2549 325 2607 Post
350 2548 454 2607 cibum
477 2548 695 2623 meridianum,
717 2549 763 2609 ita
782 2555 820 2609 ut
841 2550 976 2610 vestitus
1000 2551 1210 2627 calciatusque

207 2659 284 2728 erat,
308 2653 435 2712 retectis
462 2652 594 2730 pedibus
618 2653 779 2731 paulisper
802 2655 1043 2731 conquiescebat
1066 2655 1211 2731 opposita

206 2759 247 2819 ad
261 2758 366 2818 oculos
382 2776 485 2817 manu.
528 2757 557 2814 A
574 2776 649 2817 cena
663 2758 696 2816 iu
717 2746 895 2819 lecticulam
915 2779 948 2819 se
967 2759 1211 2819 lucubratoriam

207 2863 396 2941 recipiebat3
418 2861 471 2936 ibi,
487 2862 585 2921 donec
601 2863 726 2923 residua
740 2864 846 2923 diurni
860 2871 948 2924 actus
963 2871 1019 2925 aut
1038 2864 1142 2924 omnia
1155 2869 1211 2924 aut

207 2987 245 3029 ex
267 2967 404 3028 maxima
424 2973 515 3044 parte
537 2968 711 3042 conficeret,
733 2969 772 3028 ad
795 2969 929 3029 multam
948 2977 1073 3030 noctem
1093 2986 1249 3047 peruia-25
1348 2961 1351 2967 ⁴

206 3073 310 3133 nebat.
353 3073 393 3131 In
414 3071 531 3132 lectum
556 3072 630 3132 inde
655 3078 869 3148 transgressus
894 3094 957 3134 non
981 3074 1117 3152 amplius
1140 3093 1211 3133 cum

207 3178 379 3256 plurimum
394 3196 488 3253 quam
504 3183 626 3254 septem
646 3177 737 3237 horas
753 3178 938 3254 dormiebat,
958 3198 994 3239 ac
1014 3199 1053 3240 ne
1074 3199 1126 3240 eas
1146 3179 1213 3256 qui·

206 3283 278 3342 dem
304 3282 477 3357 continuas,
504 3282 559 3341 sed
583 3288 620 3342 ut
645 3283 678 3341 in
703 3283 759 3342 illo
784 3285 935 3363 temporis
961 3285 1064 3363 spatio
1086 3292 1135 3345 ter
1156 3290 1212 3344 aut

182 3394 318 3465 aquator
333 3387 611 3466 expergisceretur.
655 3388 688 3446 Si
703 3388 917 3466 interruptum
935 3410 1078 3450 somnum
1098 3389 1213 3466 recipe·

207 3513 285 3568 rare,
303 3499 340 3554 ut
361 3493 476 3567 evenit,
496 3512 558 3551 non
580 3499 697 3570 posset,
715 3494 884 3554 lectoribus
905 3502 961 3555 aut
982 3495 1251 3557 fabulatoribusso

206 3599 365 3660 arcessitis
385 3598 564 3657 resumebat
583 3597 837 3675 producebatque
858 3600 943 3660 ultra
963 3601 1098 3678 primam
1120 3619 1212 3677 saepe

207 3705 317 3765 lucem.
359 3704 391 3761 N
393 3721 428 3762 ec
443 3702 476 3760 in
491 3702 629 3761 tenebris
645 3702 793 3779 vigilavit
805 3723 955 3781 umquam
969 3705 1032 3764 nisi
1053 3705 1212 3765 assidente
