2812 4140
345 295 348 299 ’
440 291 551 342 nmen
573 292 611 341 11.
647 292 975 344 n1vusnuousrus
1169 281 1210 346 65

208 486 294 524 mum
314 465 534 527 reddidissent.
584 466 697 542 Itaque
718 471 750 524 et
771 484 866 542 opera
889 465 1038 542 cuiusque
1060 466 1210 526 manenti·

207 571 265 630 bus
280 571 383 630 titulis
401 570 542 629 restituit
559 576 590 629 et
607 575 727 630 statuas
745 570 884 629 omnium
905 569 1091 647 triumphali
1108 570 1209 647 effigie

207 677 240 735 in
253 682 387 753 utraque
402 675 464 734 fori
478 674 527 734 sui
541 675 665 752 porticu
679 675 846 749 dedicavit,
861 675 1022 752 professus
1040 682 1073 735 et
1088 676 1207 736 edicto:

207 786 471 841 commentum
498 780 537 838 id
560 799 609 855 se,
637 785 681 839 ut
707 781 754 840 ad
782 779 950 839 illorum
984 825 1052 840 ...
1092 782 1208 842 velut

206 888 253 947 ad
281 886 488 963 exemplar
519 891 558 945 et
582 886 686 963 ipse,
716 886 804 944 dum
834 885 1012 961 viveret,
1042 891 1082 946 et
1110 887 1233 948 inse-o

207 992 418 1069 quentium
438 991 639 1051 aetatium
661 991 873 1069 principes
896 991 1163 1067 exigerentur
1189 1011 1209 1052 a

207 1097 375 1156 civibus.
418 1096 550 1174 Pompei
570 1115 694 1174 quoque
716 1101 854 1155 statuam
875 1102 983 1156 contra
1004 1096 1120 1156 theatri
1141 1097 1207 1156 eius

207 1202 324 1278 regiam
343 1222 516 1262 marmoreo
539 1204 617 1262 Iano
639 1201 849 1279 superposuit,
872 1201 1060 1261 translatam
1082 1219 1099 1261 e
1122 1203 1208 1262 curia

206 1307 238 1364 in
261 1327 322 1384 qua
343 1308 376 1367 O.
391 1308 506 1367 Caesar
527 1308 631 1367 fuerat
652 1307 779 1366 occisus.

148 1423 184 1472 32
245 1413 400 1489 Pleraque
424 1413 555 1490 pessimi
568 1412 705 1489 exempli
725 1411 759 1470 in
781 1413 952 1489 perniciem
973 1413 1132 1490 publicam
1152 1419 1208 1473 aut
1219 1428 1247 1473 10

206 1537 244 1576 ex
260 1518 483 1577 consuetudine
498 1517 687 1594 licentiaque
698 1516 852 1577 bellorum
864 1517 1006 1576 civilium
1015 1519 1207 1578 duraverant

205 1628 261 1682 aut
282 1643 338 1700 per
362 1642 472 1700 pacem
494 1623 591 1682 etiam
613 1623 792 1682 extiterant.
842 1623 926 1682 Nam
948 1629 981 1683 et
994 1628 1207 1699 grassatorum

206 1729 334 1805 plurimi
355 1729 461 1805 palam
482 1747 514 1787 se
536 1727 680 1787 ferebant
701 1727 852 1786 succincti
874 1728 968 1803 ferro,
988 1729 1079 1805 quasi
1097 1729 1206 1789 tuendi

206 1833 254 1892 sui
282 1852 383 1907 causa,
406 1839 438 1892 et
466 1833 549 1911 rapti
578 1852 633 1910 per
658 1851 748 1909 agros
773 1832 909 1892 viatores
934 1833 1001 1892 sine
1025 1833 1206 1894 discrimine

205 1938 296 1997 liberi
319 1938 463 2016 servique
491 1937 657 2014 ergastulis
682 1957 897 2015 possessorum
919 1938 1205 2016 supprimebantur,
1215 1949 1243 1995 15

205 2048 237 2102 et
257 2043 411 2120 plurimae
432 2043 585 2102 factiones
608 2042 702 2102 titulo
724 2043 835 2119 collegi
853 2043 928 2102 novi
943 2044 984 2103 ad
1003 2044 1121 2103 nullius
1143 2063 1206 2104 non

205 2148 353 2207 facinoris
368 2128 550 2207 societatem
565 2147 698 2207 coibant.
741 2148 845 2223 Igitur
859 2155 1055 2224 grassaturas
1075 2149 1206 2228 disposi-

204 2253 246 2312 tis
274 2273 331 2330 per
360 2259 537 2331 opportuna
564 2254 632 2312 loca
660 2252 850 2312 stationibus
876 2253 1023 2330 inhibuit,
1048 2255 1206 2331 ergastula

204 2359 394 2434 recognovit,
409 2359 540 2435 collegia
553 2364 678 2436 praeter
691 2358 823 2435 antiqua
841 2362 874 2417 et
890 2359 1032 2434 legitima
1049 2360 1203 2420 dissolvit.

180 2475 195 2519 2
244 2463 380 2523 Tabulas
397 2469 538 2523 veterum
555 2464 656 2523 aerari
673 2463 860 2538 debitorum,
876 2463 926 2522 vel
945 2464 1146 2541 praecipuam
1160 2478 1243 2524 caat

203 2569 568 2645 lumniandi'materiam
588 2569 726 2643 exussit3
747 2569 815 2628 loca
834 2568 865 2626 in
886 2568 963 2628 urbe
982 2569 1108 2646 publica
1127 2569 1204 2629 iuris

203 2673 342 2750 ambigui
357 2674 587 2752 possessoribus
602 2673 813 2748 adiudicavit3
846 2674 1067 2733 diuturnorum
1081 2693 1205 2734 reorum

204 2785 236 2839 et
253 2799 290 2838 ex
308 2799 440 2856 quorum
458 2779 601 2839 sordibus
620 2779 701 2838 nihil
720 2779 806 2839 aliud
825 2798 920 2855 quam
937 2779 1083 2856 voluptas
1104 2779 1206 2839 inimi-

204 2884 248 2943 cis
263 2890 463 2960 quaereretur
482 2885 608 2944 nomina
624 2884 771 2960 abolevit,
791 2885 970 2944 condicione
989 2884 1151 2963 proposita
1168 2891 1205 2944 ut

204 2990 231 3048 si
253 3008 346 3066 quem
360 2991 430 3068 quis
445 2996 586 3068 repetere
607 2991 713 3065 vellet,
729 3009 786 3068 par
801 2990 976 3067 periculum
996 3009 1115 3067 poenae
1136 2991 1242 3053 subto

203 3093 272 3154 iret.
314 3097 363 3155 Ne
378 3096 462 3173 quod
476 3101 581 3154 autem
601 3095 788 3154 maleficium
805 3094 1005 3170 negotiumve
1025 3094 1204 3173 inpunitate

203 3201 253 3260 vel
274 3220 360 3260 mora
377 3201 560 3276 elaberetur,
576 3201 708 3276 triginta
724 3200 860 3278 amplius
878 3200 955 3276 dies,
970 3200 1025 3278 qui
1041 3202 1203 3262 honoraris

180 3305 286 3364 aludis
301 3306 542 3383 occupabantur,
556 3306 641 3366 actui
661 3325 764 3365 rerum
781 3306 1036 3366 accommodavit.
1075 3307 1130 3365 ‘Ad
1145 3307 1203 3366 tris

203 3409 341 3470 iudicum
367 3412 507 3471 decurias
533 3416 677 3488 quartam
704 3410 828 3470 addidit
856 3429 894 3470 ex
923 3411 1072 3472 inferiore
1100 3432 1203 3487 censu,

203 3535 283 3592 quae
302 3516 539 3576 ducenariorum
556 3520 719 3576 vocaretur
738 3515 953 3593 iudicaretque
974 3517 1013 3576 de
1034 3517 1242 3577 levioribus30

148 3629 150 3635 ’
204 3620 342 3680 summis.
386 3622 510 3681 Iudices
531 3640 550 3681 a
571 3621 752 3681 tricensimo
776 3622 889 3681 aetatis
913 3639 996 3680 anno
1019 3622 1147 3698 adlegit,
1171 3622 1203 3681 id

203 3731 252 3784 est
269 3726 483 3803 quinquennio
500 3726 653 3786 maturius
670 3745 765 3803 quam
782 3725 933 3786 solebant.
976 3727 1024 3785 Ac
1044 3726 1203 3803 plerisque
