2812 4140
437 265 549 316 nmna
572 265 608 315 n.
646 266 758 316 nrst
782 266 975 318 AUGUSTUS
1167 256 1208 319 83

205 456 301 514 roque
333 437 449 512 iuveni,
478 437 641 514 scripserit
675 438 833 525 quondam
863 454 998 514 parum
1033 438 1208 498 modeste

206 542 353 602 fecisse
382 561 465 602 eum
493 543 594 620 quod
624 542 757 602 filiam
787 561 892 601 suam
922 542 1038 602 Baias
1064 543 1209 603 saluta

182 653 285 707 atum
307 648 495 707 venisset.
537 649 678 724 Nepotes
700 653 733 707 et
752 647 876 707 litteras
898 653 931 707 ct
950 653 1060 707 natare
1084 648 1208 725 aliaque

206 753 384 812 rudimenta
398 772 454 830 por
469 772 502 812 se
516 752 701 831 plerumque
718 752 835 828 docuit,
850 772 886 812 ac
900 753 981 811 nihil
996 772 1094 830 aeque
1109 753 1209 813 elabo

206 858 289 917 ravit
310 877 404 935 quam
424 862 462 917 ut
482 856 683 918 imitarentur
706 858 948 936 chirographum
971 877 1078 933 sunm3
1106 871 1231 935 nequeo

207 964 330 1023 cenavit
351 982 414 1022 una
434 962 496 1021 nisi
516 968 554 1023 ut
574 963 608 1022 in
629 963 692 1022 imo
713 963 795 1023 lecto
815 964 1000 1038 assiderent,
1021 983 1123 1040 nequo
1147 963 1208 1024 itci

206 1068 284 1128 fecit
297 1069 360 1127 nisi
375 1074 410 1128 ut
424 1068 569 1128 vehiculo
582 1068 741 1128 anteirent
753 1074 809 1128 aut
823 1069 904 1128 circa
918 1069 1147 1146 adequitarent.

147 1180 182 1230 65
247 1174 308 1232 Sed
322 1174 440 1233 laetum
455 1193 526 1232 cum
540 1179 635 1250 atque
649 1173 800 1233 fidentem
814 1179 847 1234 ct
861 1174 969 1233 subole
989 1180 1021 1233 et
1038 1174 1207 1252 disciplina

95 1288 98 1294 ’
205 1279 315 1338 domus
338 1281 477 1338 Fortuna
498 1279 653 1338 destituit.
697 1279 806 1353 Iulias,
825 1279 924 1339 filiam
943 1285 975 1338 et
994 1286 1131 1356 neptem,
1146 1299 1209 1339 om·

205 1384 297 1443 nibus
319 1384 441 1462 probris
464 1384 691 1444 contaminatas
713 1385 883 1461 relegavit3
913 1386 946 1445 U.
969 1391 1002 1445 et
1022 1386 1057 1445 L.
1080 1385 1114 1444 in
1135 1385 1209 1445 duo
1218 1398 1246 1442 10

205 1490 360 1565 deviginti
381 1490 535 1549 mensium
557 1489 661 1567 spatio
683 1490 791 1550 amisit
811 1489 928 1565 ambos,
945 1490 1024 1550 Gaio
1045 1490 1078 1548 in
1099 1490 1207 1569 Lycia,

206 1596 303 1654 Lucio
317 1595 478 1655 Massiliae
493 1595 661 1655 defunctis
706 1595 848 1654 Tertium
862 1602 1010 1672 nepotem
1031 1595 1207 1674 Agrippam

206 1699 361 1776 simulque
380 1700 560 1777 privignum
581 1701 742 1759 Tiberium
760 1701 926 1777 adoptavit
943 1701 976 1758 in
993 1701 1062 1760 foro
1076 1701 1145 1777 lege
1159 1721 1208 1761 cu·

206 1805 303 1879 riata;
325 1825 362 1864 ex
380 1806 493 1882 quibus
517 1805 692 1882 Agrippam
708 1806 797 1865 brevi
812 1805 851 1864 ob
865 1806 1026 1881 ingenium
1046 1807 1207 1865 sordidum

204 1930 240 1970 ac
255 1911 344 1970 ferox
358 1910 518 1971 abdicavit
532 1911 735 1988 seposuitque
751 1913 945 1971 Surrentum.
1217 1918 1245 1963 1⁶

182 2031 196 2075 2
245 2016 418 2092 Aliquanto
445 2021 552 2076 autem
582 2016 755 2092 patientius
781 2022 914 2076 mortem
938 2037 1033 2093 quam
1056 2017 1208 2078 dedecora

205 2139 331 2180 suorum
353 2121 435 2181 tulit.
478 2118 562 2180 Nam
583 2122 616 2180 Ο.
637 2121 778 2198 Lucique
799 2140 872 2180 casu
893 2141 956 2180 non
977 2123 1055 2182 adeo
1076 2122 1206 2199 fractus,
1269 2175 1273 2184 .

204 2227 243 2285 de
260 2226 326 2285 filia
341 2226 452 2285 absens
469 2245 506 2286 ac
520 2226 630 2286 libello
648 2244 705 2302 per
725 2232 922 2303 quaestorem
944 2227 1076 2287 recitato
1096 2233 1207 2288 notum

205 2330 328 2390 senatui
349 2331 426 2391 fecit
445 2331 662 2407 abstinuitque
685 2349 852 2406 congressu
873 2331 1037 2390 hominnm
1057 2332 1112 2390 diu
1132 2352 1207 2410 prae

204 2436 333 2513 pudore,
355 2436 450 2495 etiarn
474 2436 512 2496 de
537 2437 677 2495 necanda
701 2435 898 2496 deliberavit.
942 2438 1034 2496 Certe
1057 2457 1127 2497 cum
1149 2438 1207 2497 sub
1216 2451 1245 2495 20

205 2541 288 2601 idem
310 2546 434 2617 tempus
455 2561 518 2600 una
539 2561 577 2601 ex
600 2541 731 2601 consciis
756 2541 870 2601 liberta
891 2541 1016 2601 Phoebe
1038 2543 1206 2620 suspendio
1244 2572 1245 2577 ¹

135 2665 138 2670 ·
205 2646 306 2705 vitam
331 2645 462 2720 finisset,
488 2646 677 2706 maluisse
705 2665 744 2706 sc
773 2646 821 2705 ait
848 2645 1026 2705 Phoebes
1055 2652 1206 2723 patrem

181 2751 341 2811 afuisse.
384 2751 555 2826 Relegatae
578 2771 671 2810 usum
697 2751 763 2809 viui
784 2770 970 2828 omnemque
992 2751 1206 2813 delicatiorem

205 2855 325 2915 cultum
352 2856 471 2916 ademit
494 2875 595 2934 neque
622 2857 705 2916 adiri
726 2876 745 2916 a
765 2875 923 2933 quoquam
950 2856 1049 2916 libero
1077 2875 1222 2930 servove,

204 2961 267 3019 nisi
295 2980 328 3020 se
356 2961 497 3021 consulto
525 2961 680 3038 permisit,
704 2967 737 3020 et
762 2961 807 3021 ita
831 2968 867 3021 ut
892 2962 1005 3021 certior
1026 2963 1117 3023 fieret
1145 2982 1206 3040 qua
1214 2977 1244 3023 25

205 3066 231 3124 is
256 3072 368 3141 aetate,
392 3086 454 3143 qua
481 3072 611 3141 statura,
634 3086 695 3143 quo
724 3067 825 3126 colore
853 3074 945 3141 esset,
969 3068 1064 3127 etiam
1092 3068 1204 3145 quibus
1241 3094 1243 3098 ·

206 3171 343 3248 corporis
364 3172 447 3231 notis
469 3173 519 3232 vel
542 3172 748 3232 cicatricibus.
791 3173 869 3232 Post
891 3173 1140 3250 quinquennium
1156 3175 1206 3235 de-

205 3296 291 3335 mum
320 3297 358 3337 ex
393 3277 496 3337 insula
530 3278 562 3335 in
598 3277 811 3337 continentem
845 3278 1077 3356 lenioribusque
1111 3281 1205 3357 paulo

205 3382 438 3442 condicionibus
467 3383 632 3442 transtulit
662 3402 738 3442 eam.
795 3384 878 3443 Nam
906 3389 942 3443 ut
971 3385 1097 3445 omnino
1121 3405 1206 3445 reve

205 3493 290 3546 caret
310 3488 432 3547 exorari
450 3488 537 3547 nullo
559 3488 651 3546 modo
670 3489 785 3564 potuit,
803 3489 985 3566 deprecanti
1004 3508 1097 3567 saepe
1116 3511 1146 3568 p.
1166 3492 1265 3550 Rrec.

205 3598 237 3651 et
254 3592 448 3669 pertinacius
465 3593 598 3652 instanti
616 3592 694 3652 tales
715 3593 798 3652 filias
820 3594 961 3671 talesque
981 3595 1127 3670 coniuges
1148 3615 1205 3672 pro
1236 3619 1238 3624 ’

181 3697 349 3757 scontione
368 3697 556 3775 inprecatus.
599 3699 647 3756 Ex
665 3703 764 3775 nepte
777 3698 860 3759 Iulia
879 3705 952 3776 post
973 3699 1205 3759 damnationem
