2812 4140
487 258 598 308 mess
622 259 642 309 1.
680 259 793 310 nrvus
816 259 940 310 murus
1197 248 1215 312 7

213 435 347 507 togaque
362 430 484 490 obiecta
503 431 707 508 protexerint.
750 432 838 491 Tunc
855 431 948 509 plane
965 431 1135 491 deterritus
1152 451 1216 491 non

212 537 305 594 modo
336 535 440 611 cessit,
469 536 524 595 sed
552 541 584 594 et
618 536 651 594 in
679 535 835 613 reliquum
868 536 943 596 anni
976 542 1100 614 tempus
1129 537 1216 597 ouria

211 641 373 701 abstinuit.

154 755 188 804 15
252 747 360 807 Primo
381 754 546 826 praeturae
567 748 619 807 die
640 749 792 818 Quintum
813 747 962 808 Catulum
982 748 1022 807 de
1044 749 1215 808 refectione

213 852 350 930 Capitoli
383 853 424 913 ad
456 853 710 930 disquisitionem
745 853 855 930 populi
890 852 1023 928 vocavit,
1054 854 1238 929 rogationes

211 958 410 1036 promulgata
429 977 491 1036 qua
512 958 704 1017 curationem
724 977 792 1018 eam
811 958 845 1016 in
863 958 961 1018 alium
985 958 1214 1035 transferebat3

211 1082 320 1123 verum
337 1064 439 1141 impar
459 1063 660 1141 optimatium
680 1063 913 1141 conspirationi,
933 1082 1011 1139 quos
1028 1063 1139 1122 relicto
1155 1070 1215 1123 sta

211 1168 270 1227 tim
288 1188 441 1228 novorum
465 1169 628 1228 consulum
649 1168 749 1228 officio
772 1169 954 1245 frequentes
977 1168 1214 1246 obstinatosque

210 1274 250 1334 ad
282 1274 491 1334 resistendum
523 1273 755 1333 concucurrisse
787 1272 942 1348 cernebat,
977 1272 1057 1333 hane
1086 1273 1214 1350 quidem

210 1379 364 1439 actionem
379 1379 535 1456 deposuit.
1223 1401 1253 1447 10

151 1500 185 1550 16
250 1484 397 1545 Ceterum
423 1485 558 1544 Caecilio
583 1485 714 1545 Metello
739 1484 865 1544 tribuno
887 1484 988 1562 plebis
1012 1484 1214 1546 turbulentis-

210 1589 305 1649 simas
326 1589 410 1665 leges
432 1590 583 1649 adversus
607 1590 797 1665 collegarum
818 1590 1075 1649 intercessionem
1097 1590 1213 1649 ferenti

209 1699 368 1754 auctorem
383 1700 709 1772 propugnatoremque
727 1713 760 1754 se
777 1695 1027 1772 pertinacissime
1041 1695 1212 1773 praestitit,

209 1799 307 1858 donec
320 1799 413 1858 ambo
427 1799 700 1859 administratione
720 1800 766 1859 rei
783 1799 927 1876 publicae
943 1800 1069 1859 decreto
1086 1805 1213 1877 patrum

209 1904 477 1963 submoverentur.
534 1904 581 1963 Ac
605 1904 705 1963 nihilo
728 1905 830 1964 minus
854 1924 1036 1982 permanere
1061 1905 1095 1963 in
1119 1905 1214 1981 magi·
1222 1925 1251 1971 1⁶

209 2015 312 2069 stratu
330 2015 363 2068 et
380 2009 428 2068 ius
446 2009 549 2069 dicere
566 2029 671 2084 ausus,
686 2015 722 2069 ut
737 2009 890 2086 comperit
904 2016 1031 2086 paratos
1050 2009 1106 2087 qui
1124 2010 1158 2068 vi
1175 2028 1212 2070 ac

208 2132 264 2191 per
295 2133 382 2174 arma
416 2114 628 2192 prohiberent,
659 2114 799 2173 dimissis
832 2113 995 2173 lictoribus
1028 2114 1211 2192 abiectaque

208 2224 373 2296 praetexta
390 2219 518 2277 domum
533 2220 613 2279 clam
628 2220 747 2295 refugit
764 2239 821 2297 pro
836 2219 1016 2279 condicione
1034 2225 1212 2297 temporum

185 2323 381 2400 aquieturus.
428 2324 668 2384 Multitudinem
688 2341 813 2402 quoque
831 2304 930 2384 ¹biduo
950 2330 1024 2402 post
1045 2331 1156 2402 sponte
1179 2331 1224 2384 et⁴

208 2429 291 2488 ultro
307 2429 515 2489 confluentem
534 2449 723 2507 operamque
741 2430 801 2489 sibi
819 2430 852 2488 in
865 2427 1039 2490 adserenda
1055 2430 1251 2506 dignitatem

207 2533 432 2593 tumultuosius
448 2535 649 2611 pollicentem
665 2535 854 2613 conpescuit.
897 2535 985 2604 Quod
1000 2554 1072 2594 cum
1086 2540 1211 2613 praeter

208 2638 387 2717 opinionem
398 2639 565 2714 evenisset,
577 2646 704 2700 senatus
719 2640 758 2698 ob
772 2640 906 2699 eundem
921 2646 1044 2700 coetum
1058 2640 1210 2700 festinato

207 2750 332 2805 coactus
357 2744 475 2821 gratias
500 2745 530 2804 ei
554 2764 610 2822 per
634 2745 786 2822 primores
811 2745 895 2803 viros
924 2745 990 2820 egit
1012 2744 1210 2822 accitumque

207 2848 241 2908 in
255 2849 374 2910 curiam
386 2855 418 2909 et
431 2849 637 2927 amplissimis
649 2850 990 2943 verbisconlaudatum
1004 2849 1038 2908 in
1051 2845 1210 2926 integrum

207 2954 349 3015 restituit
363 2955 492 3014 inducto
507 2955 610 3032 priore
624 2956 758 3014 decreto.
1219 2974 1248 3020 ao

147 3071 183 3123 17
249 3060 376 3120 Recidit
403 3078 511 3119 rursus
540 3060 573 3119 in
601 3061 771 3120 discrimen
798 3061 886 3121 aliud
916 3062 999 3121 inter
1027 3062 1126 3121 socios
1155 3061 1210 3122 Ca

207 3165 317 3226 tilinae
338 3165 518 3226 nominatus
536 3173 569 3226 et
587 3167 671 3244 apud
692 3167 832 3225 Novium
854 3167 990 3242 Nigrum
1010 3172 1209 3244 quaestorem

206 3290 225 3331 a
247 3270 344 3330 Lucio
365 3271 474 3331 Vettio
496 3272 598 3332 indice
620 3278 652 3332 et
672 3272 706 3330 in
721 3279 832 3332 senatu
853 3291 872 3332 a
892 3273 1009 3342 Quinto
1030 3272 1134 3348 Curio,
1149 3273 1208 3347 cui,

207 3376 291 3453 quod
312 3375 433 3455 primus
450 3377 580 3437 consilia
595 3377 827 3437 coniuratorum
849 3378 1022 3453 detexerat,
1038 3378 1210 3438 constituta

207 3487 297 3541 erant
318 3482 443 3559 publice
464 3482 611 3559 praemia.
655 3483 767 3543 Curius
783 3502 799 3542 e
815 3483 952 3543 Catilina
973 3502 1006 3543 se
1028 3483 1248 3559 cognovisseso

206 3587 341 3661 dicebat,
364 3587 490 3647 Vettius
512 3588 608 3647 etiam
630 3589 872 3666 chirographum
894 3589 960 3648 eius
983 3588 1138 3649 Catilinae
1159 3589 1211 3647 da-

183 3698 276 3752 atum
297 3692 514 3770 pollicebatur.
556 3693 596 3751 Id
617 3713 691 3753 vero
713 3694 827 3754 Caesar
855 3693 942 3752 nullo
964 3693 1055 3753 modo
1077 3693 1210 3761 toleran-
