2812 4140
448 253 560 304 mana
583 253 619 303 11.
656 253 770 303 n1vus
793 252 984 304 auousrus
1178 245 1219 309 89

215 425 345 486 aedibus
367 425 498 486 modicis
527 424 750 486 Hortensianis
775 431 808 486 et
835 444 936 502 neque
960 425 1093 486 laxitate
1116 444 1218 504 neque

217 531 304 591 cultu
323 530 509 608 conspicuis,
524 537 560 590 ut
574 531 608 589 in
622 530 736 607 quibus
751 529 890 609 porticus
908 529 1019 591 breves
1039 536 1145 591 essent
1164 531 1219 592 Al·
1273 516 1275 529 ¹

215 635 367 696 banarum
388 635 602 696 columnarum
623 640 656 695 et
677 634 745 695 sine
766 654 920 695 marmore
940 635 1006 695 ullo
1024 640 1080 695 aut
1100 635 1217 712 insigni

215 741 397 820 pavimento
417 740 585 800 conclavia.
624 739 673 800 Ac
683 759 740 819 per
749 759 847 800 annos
861 740 998 819 amplius
1009 740 1217 818 quadraginta

215 848 325 908 eodem
342 846 484 907 cubiculo
503 846 607 907 hieme
621 852 654 906 et
672 852 792 916 aestate
807 846 932 923 mansit,
947 847 1091 924 quamvis
1106 859 1240 924 parumt

215 952 373 1013 salubrem
409 951 579 1012 valitudini
619 970 694 1012 suae
734 950 844 1011 urbem
883 952 987 1012 hieme
1022 951 1217 1030 experiretur

192 1056 402 1134 sassidueque
422 1056 456 1115 in
476 1056 553 1116 urbe
580 1056 743 1117 hiemaret.
787 1057 968 1134 Siquando
996 1057 1073 1134 quid
1097 1062 1217 1118 secreto

214 1168 270 1222 aut
284 1162 351 1222 sine
366 1162 621 1240 interpellatione
634 1181 726 1239 agere
740 1162 966 1241 proposuisset,
981 1168 1049 1223 erat
1067 1162 1117 1222 illi
1130 1162 1216 1223 locus

215 1267 249 1328 in
281 1269 367 1330 edito
400 1269 568 1346 singularis
602 1289 696 1347 quem
732 1271 901 1348 Syracusas
936 1275 969 1330 et
1003 1269 1218 1350 technyphion

215 1374 364 1434 vocabat:
385 1373 447 1433 huo
461 1374 617 1434 transibat
630 1381 687 1435 aut
700 1375 734 1434 in
750 1375 882 1435 alicuius
904 1375 1090 1435 libertorum
1111 1374 1257 1435 subur-10
1291 1436 1294 1442 ,

214 1478 349 1556 bauum3
369 1499 462 1557 aeger
475 1486 581 1540 autem
602 1480 636 1540 in
656 1480 749 1540 domo
769 1480 962 1541 Maecenatis
984 1480 1126 1543 cubabat.
1167 1481 1217 1540 Er

216 1584 388 1645 secessibus
409 1585 576 1664 praecipue
605 1586 822 1664 frequentavit
849 1585 1008 1646 maritima
1035 1585 1217 1663 insulasque

216 1690 405 1768 Campaniae
425 1696 481 1750 aut
502 1691 646 1769 proxima
666 1691 738 1750 urbi
766 1691 892 1769 oppida,
913 1690 1102 1768 Lanuvium,
1126 1691 1218 1752 Prae·

214 1801 313 1871 neste,
335 1795 442 1872 Tibur,
463 1794 519 1855 ubi
546 1795 642 1856 etiam
669 1797 703 1855 in
730 1796 904 1875 porticibus
928 1795 1077 1856 Herculis
1105 1797 1218 1875 templi

191 1915 365 1979 apersaepe
386 1900 435 1960 ius
457 1900 548 1961 dixit.
590 1901 709 1978 Ampla
730 1907 762 1960 et
783 1919 913 1978 operosa
933 1901 1092 1979 praetoria
1112 1917 1254 1978 gravam

215 2004 315 2065 batur.
357 2006 401 2079 Et
427 2006 533 2083 neptis
561 2006 689 2083 quidem
717 2025 791 2066 suae
819 2005 929 2082 Iuliae,
957 2006 1087 2085 profuse
1114 2006 1154 2067 ab
1181 2026 1218 2067 ea

216 2115 368 2186 extructa,
380 2110 476 2170 etiarn
486 2111 586 2171 diruit
599 2112 640 2171 ad
655 2111 766 2187 solum,
777 2130 834 2170 sua
847 2131 922 2171 vero
936 2111 1081 2188 quamvis
1096 2112 1218 2174 modica

214 2233 277 2274 non
291 2221 357 2275 tam
372 2220 547 2275 statuarum
562 2215 801 2292 tabularumque
814 2215 971 2293 pictarum
990 2221 1102 2276 ornatu
1123 2237 1217 2294 quam

215 2319 318 2397 xystis
332 2324 365 2379 et
378 2320 557 2380 nemoribus
575 2320 713 2380 excoluit
731 2320 885 2397 rebusque
907 2326 1066 2380 vetustate
1087 2340 1123 2381 ae
1144 2322 1218 2381 rari·

215 2430 280 2484 tate
294 2425 496 2501 notabilibus,
508 2426 614 2502 qualia
627 2430 702 2484 sunt
716 2425 845 2503 Capreis
857 2414 1041 2485 immanium
1055 2425 1217 2486 beluarum
1226 2441 1256 2487 ao

215 2530 415 2607 ferarumque
437 2530 576 2589 membra
596 2530 812 2608 praegrandia,
834 2549 914 2607 quae
941 2531 1089 2590 dicuntur
1114 2531 1219 2607 gigan·

215 2639 282 2693 tum
297 2654 377 2710 ossa,
391 2640 424 2694 et
437 2655 525 2695 arma
537 2636 676 2695 heroum.

156 2743 192 2796 73
255 2740 464 2800 instrumenti
485 2740 552 2800 eius
572 2745 605 2800 et
630 2741 837 2818 supellectilis
865 2741 1058 2820 parsimonia
1084 2746 1217 2821 apparet
1334 2787 1348 2801 .-

215 2844 310 2905 etiam
331 2864 414 2905 nunc
434 2845 568 2905 residuis
590 2846 681 2906 lectis
702 2853 798 2924 atque
820 2847 945 2923 mensis,
965 2867 1098 2925 quorum
1118 2848 1218 2926 plera
1333 2845 1335 2849 ’

215 2969 275 3026 que
296 2949 351 3009 vix
378 2950 521 3028 privatae
542 2950 716 3028 elegantiae
737 2952 810 3021 sint.
852 2954 902 3011 Ne
924 2958 992 3012 toro
1013 2952 1140 3029 quidem
1169 2968 1256 3012 cu-at

214 3054 319 3114 buisse
333 3056 423 3116 aiunt
439 3056 501 3116 nisi
518 3056 632 3116 humili
653 3064 686 3116 et
707 3057 828 3117 modice
850 3058 993 3117 instrato,
1035 3058 1132 3119 Veste
1153 3078 1217 3118 non

215 3164 331 3220 temere
345 3161 408 3221 alia
422 3181 516 3239 quam
530 3162 704 3222 domestica
717 3181 792 3221 usus
808 3168 865 3238 est,
881 3162 921 3222 ab
941 3181 1045 3222 sorore
1067 3169 1099 3223 et
1119 3183 1216 3224 uxore

215 3271 247 3325 et
273 3265 340 3325 filia
371 3268 582 3346 neptibusque
613 3269 774 3343 confecta3
809 3268 891 3345 togis
925 3288 1027 3346 neque
1061 3269 1215 3330 restrictis

213 3389 315 3448 neque
343 3372 433 3448 fusis,
463 3373 551 3434 clavo
578 3393 635 3434 nec
663 3374 728 3433 lato
755 3393 813 3434 nec
834 3379 978 3451 augusto,
1003 3373 1216 3436 calciamentis

214 3475 390 3538 altiusculis
409 3485 446 3539 ut
465 3479 622 3557 procerior
639 3499 734 3557 quam
753 3485 822 3540 erat
840 3481 1009 3541 videretur.
1052 3481 1095 3539 Et
1116 3481 1254 3540 foren-ao

215 3581 261 3640 sia
279 3588 385 3642 autem
405 3589 437 3643 et
456 3585 574 3644 calceos
593 3596 766 3661 numquam
782 3603 845 3644 non
866 3585 950 3645 intra
969 3584 1146 3645 cubiculum
1164 3585 1216 3645 ha

214 3685 284 3746 buit
296 3687 337 3746 ad
352 3688 472 3748 subitos
487 3689 730 3767 repentinosque
747 3706 836 3748 casus
851 3695 969 3766 parata.
