2812 4140
197 245 239 310 52
280 259 311 311 c.
336 257 490 310 surrom
513 257 741 338 romonum
765 257 814 306 un
839 233 936 307 1111Ι
951 256 1155 311 csussuun

196 430 263 491 acie
298 430 559 508 interemptorum
595 429 712 489 civium
747 429 868 489 tumulo
898 429 1023 507 publice
1056 435 1199 492 extructo

196 535 408 613 ascripserant
427 554 499 612 pro
519 534 722 594 libertate
743 553 808 594 eos
831 516 1077 595 occubuisse.

237 618 324 700 Idita
351 659 422 699 cum
449 639 588 699 Antonio
616 645 648 699 et
672 639 792 716 Lepido
817 639 965 699 societate
992 640 1199 718 Fhilippense
1224 658 1257 708 13

196 765 320 825 quoque
340 744 468 813 bellum,
498 762 687 821 quamquam
715 743 872 804 invalidus
900 726 996 822 atque
1023 764 1124 822 aeger,
1146 746 1200 805 du-

172 851 273 930 tplici
288 851 407 929 proelio
421 850 585 926 transegit,
605 869 739 928 quorum
757 851 861 928 priore
881 851 992 911 castris
1012 857 1125 912 exutus
1144 853 1198 911 vix

196 959 237 1019 ad
252 957 372 1017 Antoni
386 975 481 1016 cornu
496 956 573 1032 fuga
586 961 737 1016 evaserat.
779 931 847 1016 Ne'c
862 976 1038 1017 successum
1049 957 1198 1017 victoriae

197 1063 376 1122 moderatus
391 1067 448 1136 est,
464 1061 519 1121 sed
534 1061 636 1138 capite
655 1061 746 1120 Bruti
764 1063 897 1121 Romam
916 1062 1011 1121 misso
1025 1067 1062 1121 ut
1077 1067 1199 1122 statuae

197 1167 339 1228 Caesaris
362 1166 587 1240 subiceretur,
580 1186 614 1225 m
627 1166 919 1243 splendidissimum
933 1186 1089 1244 quemque
1104 1168 1200 1245 capti·

196 1292 271 1333 vum
281 1292 344 1331 non
356 1272 423 1331 sine
434 1270 600 1331 verborum
612 1271 801 1331 contumelia
812 1272 942 1347 saeviit3
959 1279 995 1332 ut
1006 1273 1133 1350 quidem
1143 1272 1222 1331 unia

157 1391 186 1436 10
197 1377 383 1455 suppliciter
402 1377 597 1454 sepulturam
616 1377 757 1453 precanti
777 1349 975 1454 respdndisse
990 1377 1136 1438 dicitur
1128 1397 1199 1437 ram

196 1482 308 1542 istam
342 1481 534 1541 volucrum
568 1481 650 1541 fore
683 1487 852 1558 potestat
857 1501 926 1557 em;
959 1482 1048 1558 alios,
1076 1490 1199 1561 patrem

196 1592 228 1647 et
249 1587 360 1663 filium,
386 1606 443 1664 pro
466 1586 534 1646 vita
558 1586 697 1662 rogantis
723 1585 830 1646 sortiri
854 1587 904 1646 vel
930 1586 1044 1646 micare
1069 1587 1198 1647 iussisse

195 1697 232 1752 ut
250 1692 396 1753 alterutri
417 1691 646 1766 concederetur,
661 1710 697 1751 ac
711 1696 870 1768 spectasse
883 1696 1052 1770 utrumque
1069 1693 1199 1752 morien·

195 1802 260 1857 tem
285 1817 355 1856 cum
380 1801 479 1874 patre,
500 1797 575 1873 quia
599 1815 632 1855 se
654 1796 821 1873 optulerat,
843 1797 945 1856 occiso
965 1796 1049 1856 filius
1074 1816 1197 1874 quoque

156 1903 405 1963 involuntariam
420 1902 616 1989 occubuisset
632 1920 747 1960 necem.
792 1902 893 1971 Quare
909 1902 1038 1977 ceteri,
1029 1922 1063 1961 m
1083 1903 1132 1961 his
1152 1904 1196 1962 M.

194 1972 352 2068 Favonius
366 2007 421 2066 ille
436 2007 564 2067 Catonis
583 2006 735 2081 aemulus,
750 2026 820 2065 oum
842 2006 978 2066 catenati
995 2007 1198 2084 produceren-

194 2119 256 2189 tur,
271 2113 460 2190 imperatore
475 2110 614 2170 Antonio
628 2111 798 2171 honorifice
819 2111 967 2187 salutato,
981 2111 1065 2172 huno
1085 2113 1199 2173 foedis

195 2219 274 2278 simo
288 2217 428 2277 convicio
444 2235 547 2275 coram
562 2216 790 2292 prosciderunt.

232 2321 365 2383 Partitis
390 2326 463 2399 post
486 2320 652 2380 victoriam
676 2321 795 2397 officiis,
818 2341 888 2382 cum
910 2322 1067 2382 Antonius
1092 2323 1221 2384 Orien-s

153 2433 258 2488 sotem
278 2427 495 2500 ordinandum,
517 2426 585 2503 ipse
613 2431 777 2485 veteranos
802 2426 836 2485 in
857 2428 985 2487 Italiam
1006 2428 1196 2488 reducendos
1313 2416 1316 2421 ’

193 2539 226 2594 et
260 2530 502 2609 municipalibus
538 2529 622 2606 agris
641 2530 853 2598 ,collocandos
888 2533 1067 2610 recepisset,
1096 2553 1197 2611 neque

102 2654 105 2659 ·
193 2643 411 2698 veteranorum
431 2653 533 2712 neque
560 2653 777 2712 possessorum
798 2636 932 2712 gratiam
954 2638 1066 2712 tenuit,
1088 2638 1196 2697 alteris

192 2743 270 2822 pelli
290 2761 333 2817 se,
354 2740 463 2801 alteris
484 2759 547 2799 non
566 2759 623 2817 pro
645 2758 700 2818 spe
720 2740 903 2800 meritorum
921 2742 1052 2801 tractari
1070 2709 1198 2819 quoden-

192 2849 286 2909 tibus.

153 2969 183 3016 ro
232 2952 300 3024 Quo
320 2958 461 3030 tempore
483 2953 518 3012 L.
547 2951 721 3011 Antonium
748 2952 864 3013 fiducia
891 2953 1081 3029 consulatue,
1103 2973 1197 3032 quem
1221 2964 1256 3027 14

193 3058 329 3135 gerebat,
343 3077 380 3118 ac
394 3058 552 3117 fraternae
566 3057 726 3134 potentiae
741 3075 790 3116 res
810 3076 906 3117 novas
928 3057 1110 3118 molientem
1129 3079 1198 3118 con·

193 3165 308 3240 fugere
321 3163 485 3223 Perusiam
508 3162 609 3237 coegit
625 3168 657 3220 et
676 3162 716 3221 ad
733 3162 926 3222 deditionem
941 3164 1025 3223 fame
1045 3165 1195 3242 conpulit,

192 3288 256 3328 non
276 3274 382 3329 tamen
402 3268 470 3327 sine
491 3267 612 3343 magms
634 3267 699 3326 suis
721 3273 753 3326 et
773 3274 846 3327 ante
867 3268 985 3328 bellum
1006 3275 1039 3329 et
1060 3269 1093 3327 in
1114 3270 1196 3329 bello

193 3372 435 3434 discriminibus.
479 3373 563 3432 Nam
578 3391 648 3430 cum
667 3373 845 3449 spectaculo
859 3373 1004 3433 ludorum
1019 3375 1196 3451 gregarium

155 3479 328 3539 comilitem
356 3476 391 3536 in
417 3476 669 3553 quattuordecim
694 3476 855 3536 ordinibus
883 3479 1045 3563 sedentem
1066 3480 1197 3540 excitari

193 3603 250 3662 per
268 3581 480 3662 apparitorem
495 3580 650 3655 iussisset,
665 3600 788 3642 rumore
809 3583 849 3642 ab
870 3583 1131 3644 obtrectatoribus
1153 3585 1197 3644 di-

194 3690 259 3750 lato
279 3686 369 3765 quasi
391 3686 524 3746 eundem
544 3705 616 3744 mox
638 3691 670 3745 et
690 3686 914 3748 discruciatum
935 3693 1086 3765 necasset,
1109 3690 1197 3749 mini-
