2812 4140
213 247 254 312 14
296 261 326 312 c.
351 260 507 312 surroru
530 259 758 324 marcorum
781 263 830 311 no
855 262 946 313 vrm
968 261 1171 313 curssauu

211 452 306 510 quam
324 438 361 492 ut
380 432 540 492 subveniri
560 439 667 511 posset
686 452 771 508 ase;
800 434 850 492 his
868 433 961 511 plane
982 434 1087 512 palam
1106 434 1216 495 bello

211 537 331 597 civili
352 557 450 615 opus
472 557 559 598 esse
580 538 744 645 dicebat.)

250 644 318 702 Neo
332 642 451 702 minore
466 643 571 702 studio
585 663 673 720 reges
687 651 782 722 atque
797 645 974 722 provincias
989 666 1045 724 per
1060 653 1215 706 terramm
1238 654 1275 705 28

211 749 317 808 orbem
339 747 517 823 adliciebat,
539 748 610 808 aliis
634 749 831 826 captivorum
854 750 942 810 milia
964 752 1045 810 dono
1070 752 1214 826 offerens,

187 853 282 914 taliis
298 853 377 913 citra
392 859 519 913 senatus
538 854 709 932 populique
726 856 947 916 auctoritatem
964 876 1026 933 quo
1043 857 1162 916 vellent
1183 863 1215 917 et
1286 918 1293 933 „

210 960 356 1038 quotiens
386 961 506 1020 vellent
538 961 656 1021 auxilia
684 961 883 1036 submittens,
913 982 1068 1040 superque
1101 964 1214 1024 Italiae

211 1066 448 1144 Galliarumque
463 1061 495 1127 et
517 1068 754 1145 Hispaniarum,
770 1068 865 1128 Asiae
880 1088 1003 1145 quoque
1018 1075 1050 1128 et
1065 1070 1214 1129 Graeciae

210 1173 446 1249 potentissimas
461 1173 554 1233 urbes
569 1174 744 1250 praecipuis
754 1174 900 1250 operibus
915 1193 1087 1248 exomens3
1106 1175 1237 1248 donec‚‘r

210 1277 355 1338 attonitis
388 1277 451 1336 iam
481 1278 625 1337 omnibus
654 1284 686 1337 et
714 1298 863 1354 quorsum
891 1279 948 1338 illa
975 1280 1141 1339 tenderent
1171 1299 1215 1339 re·

172 1392 201 1438 10
211 1382 405 1460 putantibus,
434 1385 559 1443 Marcus
588 1383 738 1442 Claudius
768 1384 937 1444 Marcellus
966 1385 1083 1459 consul,
1112 1385 1214 1445 edicto

211 1487 373 1564 praefatus
402 1488 441 1547 de
472 1507 594 1548 summa
622 1508 655 1548 se
684 1507 717 1548 re
745 1489 871 1567 publica
905 1495 1058 1565 acturum,
1089 1491 1215 1550 rettulit

210 1593 252 1652 ad
276 1599 420 1652 senatum
443 1599 481 1653 ut
509 1593 537 1652 ei
566 1595 784 1654 succederetur
808 1601 881 1654 ante
906 1600 1041 1672 tempus,
1067 1596 1214 1672 quoniam

210 1697 294 1757 bello
317 1699 460 1759 confecto
480 1718 542 1777 pax
564 1706 648 1759 esset
667 1719 703 1760 ac
724 1700 845 1760 dimitti
864 1701 992 1760 deberet
1011 1701 1112 1760 victor
1132 1720 1215 1760 exer-

212 1802 314 1878 citus;
345 1809 378 1862 et
399 1823 438 1863 ne
461 1804 600 1863 absentis
627 1804 708 1863 ratio
734 1805 869 1865 comitiis
893 1806 1070 1881 haberetur,
1090 1807 1214 1882 quando

174 1923 202 1968 15
211 1927 268 1968 nec
287 1908 372 1986 plebi
394 1909 473 1968 scito
495 1910 664 1986 Pompeius
685 1915 795 1987 postea
816 1911 1005 1987 abrogasset.
1048 1911 1238 1970 Acciderata

210 2019 316 2073 autem
339 2018 376 2072 ut
396 2014 423 2073 is
444 2015 545 2090 legem
567 2015 605 2073 de
627 2015 694 2074 iure
717 2015 958 2091 magistratuum
981 2016 1085 2075 ferens
1111 2035 1147 2075 eo
1170 2036 1216 2075 ca—

211 2119 278 2197 pite
311 2138 373 2196 quo
401 2119 555 2197 petitione
586 2120 739 2178 honorum
769 2120 908 2180 absentis
939 2120 1144 2181 submovebat
1175 2140 1214 2180 ne

212 2224 376 2285 Gaesarem
409 2225 538 2301 quidem
568 2225 727 2302 exciperet
757 2244 813 2302 per
845 2225 1043 2302 oblivionem,
1071 2246 1108 2287 ac
1142 2247 1214 2286 mox

211 2329 279 2406 lege
294 2330 356 2390 iam
374 2330 409 2388 in
424 2349 477 2389 aes
495 2329 594 2388 incisa
612 2335 644 2388 et
667 2330 700 2387 in
719 2330 874 2389 aerarium
897 2332 1023 2391 condita
1046 2332 1214 2408 corrigeret

71 2496 73 2502 ,
172 2450 355 2498 aberrorem.
397 2435 465 2494 Nec
493 2439 657 2493 contentus
686 2436 855 2494 Marcellus
884 2436 1060 2513 provincias
1089 2436 1213 2496 Caesari
1267 2455 1270 2462 ’

211 2545 244 2599 et
270 2539 472 2616 privilegium
500 2539 630 2616 eripere,
658 2540 783 2599 rettulit
811 2540 907 2599 etiam
932 2546 968 2599 ut
993 2541 1110 2600 colonis
1136 2561 1213 2618 quos

211 2645 371 2720 rogatione
403 2644 533 2704 Vatinia
565 2646 691 2703 Novum
726 2646 857 2705 Comum
888 2647 1071 2706 deduxisset
1102 2648 1213 2707 civitas

210 2749 400 2810 adimeretur
422 2750 505 2826 quod
526 2769 582 2827 per
603 2750 806 2810 ambitionem
828 2757 861 2809 et
879 2751 964 2810 ultra
984 2752 1213 2829 praescriptum

188 2855 284 2915 cata
305 2860 396 2915 esset.

171 2974 200 3020 25
250 2960 431 3020 Commotus
459 2961 509 3020 his
535 2962 649 3022 Caesar
670 2981 707 3022 ac
721 2962 872 3037 iudicans,
896 2964 979 3039 quod
1001 2981 1093 3040 saepe
1116 2982 1154 3022 ex
1177 2983 1213 3023 eo
1237 2973 1273 3024 29

209 3065 353 3124 auditum
382 3066 765 3142 fcrrmt„difficilius
795 3086 835 3126 se
864 3068 1094 3145 principem
1122 3069 1214 3127 civi-

210 3170 312 3229 tatis
342 3190 361 3230 a
390 3172 520 3248 primo
551 3173 694 3231 ordine
724 3173 764 3230 in
794 3173 1012 3231 secundum
1033 3193 1148 3251 quam
1169 3193 1213 3233 ex

210 3277 386 3335 secundo
418 3277 458 3335 in
490 3278 761 3337 novissimum
792 3279 970 3355 detrudi,
1003 3299 1124 3340 summa
1155 3299 1213 3357 ope

210 3380 338 3456 restitit,
365 3383 481 3460 partim
509 3404 566 3461 per
593 3384 814 3444 intercessores
840 3386 993 3460 tribunos,
1018 3387 1135 3464 partim
1157 3407 1213 3463 per

168 3492 200 3546 '30
210 3486 353 3546 Servium
375 3489 550 3566 Sulpicium
572 3491 707 3550 alterum
727 3492 894 3552 consulem.
937 3493 1122 3569 Insequenti
1142 3512 1214 3569 quo

208 3611 269 3669 que
283 3612 365 3653 anno
381 3594 460 3654 Gaio
481 3594 642 3670 Marcello,
657 3597 712 3672 qui
727 3597 820 3657 fratri
835 3598 971 3674 patrueli
987 3617 1043 3657 suo
1057 3601 1165 3659 Marco
1180 3599 1213 3657 in

208 3697 373 3759 consulatu
401 3705 601 3774 successerat,
626 3701 734 3760 eadem
762 3707 939 3779 temptante
967 3704 1117 3781 collegam
1146 3705 1212 3766 eius
