2812 4140
434 269 605 319 1111111111.
641 267 754 318 nrvus
777 267 967 320 1001101110
1161 258 1201 320 63

203 444 308 503 sanxit
332 461 406 518 ergo
430 447 467 501 ut
489 441 527 501 de
549 441 640 500 bellis
663 441 895 518 triumphisque
916 441 967 500 hic
989 441 1202 501 consuleretur

203 554 339 621 senatus,
354 547 532 624 provincias
548 565 619 605 cum
634 545 767 622 imperio
782 546 915 622 petituri
929 545 1003 604 hinc
1016 546 1203 605 deduceren-

203 659 264 728 tur,
280 652 396 730 quique
413 651 548 710 victores
568 650 724 710 redissent
740 651 801 710 huc
817 651 954 727 insignia
971 651 1203 729 triumphorum

179 759 390 819 sconferrent.
443 757 610 834 Templum
635 757 793 833 Apollinis
815 757 848 815 in
869 776 905 817 ea
926 764 1015 834 parte
1040 758 1204 818 Palatinae

203 865 313 922 domus
342 862 494 922 excitavit
518 882 613 939 quam
636 862 770 921 fulmine
795 863 890 922 ictam
911 863 1085 922 desiderari
1105 883 1124 924 a
1144 865 1227 923 (1001

203 969 385 1046 haruspices
407 968 667 1045 pronuntiarant;
687 968 812 1027 addidit
833 968 972 1045 porticus
1001 988 1072 1028 cum
1096 969 1205 1028 biblio

204 1075 295 1134 theca
309 1073 424 1133 Latina
438 1073 628 1150 Graecaque,
644 1092 705 1150 quo
720 1073 787 1132 loco
802 1072 865 1132 iam
879 1074 982 1132 senior
1000 1093 1092 1152 saepe
1109 1075 1205 1134 etiam

205 1186 348 1239 senatum
375 1179 486 1238 habuit
509 1179 714 1256 decuriasque
741 1179 881 1238 iudicum
909 1181 1098 1256 recognovit.
1149 1182 1206 1240 To·

204 1285 293 1344 nanti
315 1284 385 1343 Iovi
405 1284 515 1343 aedem
533 1284 726 1343 consecravit
745 1284 895 1344 liberatus
913 1285 1052 1362 periculo
1070 1305 1206 1345 011111011-

204 1391 365 1468 peditione
386 1389 573 1449 Cantabrica
595 1409 651 1466 per
672 1395 860 1448 nocturnum
882 1391 943 1449 iter
967 1391 1111 1451 lecticam
1138 1392 1205 1451 eius
1215 1403 1244 1448 10

204 1495 312 1570 fulgur
340 1495 598 1573 praestrinxisset
627 1514 814 1573 servumque
842 1497 1075 1573 praelucentem
1103 1497 1206 1556 exani-

181 1607 330 1661 4masset.
372 1601 531 1670 Quaedam
546 1601 642 1661 etiam
656 1620 751 1679 opera
770 1602 829 1660 suh
846 1603 972 1662 nomine
987 1603 1099 1678 alieno,
1114 1622 1206 1680 nepo·

184 1711 273 1765 urm
305 1705 425 1765 scilicet
452 1712 485 1765 et
512 1706 618 1764 uxoris
649 1706 835 1783 sororisque,
864 1707 950 1782 fecit,
978 1712 1015 1765 ut
1049 1705 1206 1784 porticum

205 1811 428 1888 basilicamque
444 1811 503 1870 Gai
526 1817 558 1870 et
579 1812 666 1885 Luci,
681 1812 757 1870 item
779 1811 918 1888 porticus
941 1812 1050 1872 Liviae
1072 1818 1104 1872 et
1118 1813 1208 1873 Octa

206 1917 275 1976 viae
287 1917 507 1993 theatrumque
519 1916 671 1976 Marcelli.
703 1917 764 1976 Sed
775 1921 807 1975 et
818 1923 937 1976 ceteros
951 1917 1110 1995 principes
1122 1919 1206 1978 viros
1217 1921 1245 1976 ro

207 2040 299 2098 saepe
313 2021 464 2081 ‘hortatus
486 2026 535 2080 est
548 2026 585 2080 ut
606 2040 664 2098 pro
681 2021 834 2081 facultate
856 2021 989 2099 quisque
1003 2023 1205 2082 monimentis

183 2127 256 2185 ovel
268 2127 358 2184 novis
367 2126 418 2184 101
429 2126 557 2185 refectis
572 2131 604 2185 et
619 2126 752 2184 excultis
766 2127 876 2186 urbem
886 2120 1084 2188 adornarent.
1127 2129 1207 2187 Mul-

188 2247 189 2252 ’
207 2236 301 2307 taque
310 2250 329 2290 a
338 2231 447 2289 multis
462 2236 537 2289 tunc
548 2236 692 2291 extructa
704 2237 786 2306 sunt,
797 2232 879 2291 sicut
892 2252 912 2293 a
922 2234 1042 2294 Marcio
1056 2235 1207 2313 Philippo

207 2336 299 2395 aedes
322 2336 470 2394 Herculis
492 2337 665 2410 Musarum,
681 2355 700 2395 a
717 2338 752 2395 L.
774 2337 940 2398 Comificio
963 2340 1055 2399 aedes
1078 2342 1207 2416 Dianae,

207 2442 247 2500 ab
264 2440 375 2500 Asinio
396 2441 538 2499 Pollione
559 2441 676 2499 atrium
697 2442 912 2518 Libertatis,a
932 2445 1077 2504 Munatio
1091 2447 1248 2506 Plancoao

207 2546 298 2605 aedes
311 2545 477 2621 Saturnia
491 2545 636 2605 Cornelio
651 2546 750 2606 Balbo
759 2547 928 2623 theatrum,
939 2568 958 2608 a
969 2549 1095 2609 Statilio
1106 2551 1209 2610 Tauro

207 2651 483 2729 amphitheatrum,
495 2670 515 2711 a
528 2652 572 2710 M.
588 2669 662 2710 vero
677 2651 820 2729 Agrippa
835 2654 995 2730 complura
1009 2660 1041 2714 et
1055 2656 1187 2731 egregia.
1273 2631 1276 2637 Δ

149 2762 196 2812 30·
248 2757 393 2834 Spatium
406 2756 493 2815 urhis
510 2757 543 2815 in
561 2756 702 2832 regiones
717 2757 864 2835 vicosque
879 2759 990 2818 divisit
1007 2760 1209 2838 instituitque

208 2868 244 2920 ut
258 2862 329 2921 illas
344 2861 441 2921 annui
456 2861 659 2937 magistratus
675 2862 787 2921 sortito
802 2868 974 2939 tuerentur,
989 2865 1046 2924 hos
1066 2867 1210 2942 magistri

208 2987 225 3027 0
247 2968 338 3045 plebe
360 2968 510 3044 cuiusque
531 2967 665 3026 viciniae
685 2967 768 3027 lecti.
812 2969 973 3028 Adversus
996 2970 1141 3031 incendia
1161 2960 1249 3032 err-25

208 3074 314 3133 eubias
325 3079 493 3133 nocturnas
505 3072 679 3149 vigilesque
689 3079 881 3133 commentus
894 3081 959 3150 est3
974 3076 1013 3134 ad
1026 3079 1210 3138 coercendas

209 3179 430 3238 inundationes
448 3179 573 3237 alveum
595 3178 716 3237 Tiberis
739 3179 859 3238 laxavit
877 3199 913 3239 ac
928 3182 1111 3258 repurgavit
1132 3202 1212 3244 com-

210 3285 331 3362 pletum
366 3284 441 3343 olim
476 3283 640 3343 ruderibus
676 3289 708 3343 et
741 3285 955 3344 aedificiorum
982 3288 1210 3364 prolationibus

211 3395 393 3449 coartatum.
436 3390 503 3458 Quo
527 3395 634 3448 autem
655 3389 780 3448 facilius
804 3391 944 3469 undique
965 3393 1040 3452 urbs
1061 3394 1210 3470 adiretur,

210 3495 377 3572 desumpta
395 3494 454 3552 sibi
475 3494 633 3553 Flaminia
646 3494 699 3553 via
715 3494 859 3555 Arimino
873 3502 964 3555 tenus
985 3498 1154 3558 munienda
1169 3510 1252 3558 10-00

193 3634 195 3645 =
211 3600 313 3676 liquas
328 3597 573 3676 triumphalibus
588 3598 665 3658 viris
684 3617 722 3658 ex
738 3600 909 3660 manubiali
927 3603 1059 3678 pecunia
1076 3608 1213 3663 sternen-

211 3705 266 3764 das
282 3704 453 3763 distribuit.
1163 3713 1167 3718 “
