2812 4140
485 266 601 317 urana.
621 269 644 318 1.
680 266 794 319 mvus
817 268 963 321 murus·
995 307 1009 312 „
1043 267 1072 311 1.
1128 286 1130 296 ·
1176 259 1217 323 19

154 442 187 492 37
252 441 413 501 Confectis
448 441 539 501 bellis
577 443 767 520 quinquiens
804 444 1025 523 triumphavit,
1060 452 1133 524 post
1167 447 1217 505 de·

211 546 331 605 victum
357 546 535 624 Scipionem
559 554 671 624 quater
694 549 803 608 eodem
829 568 936 609 mense
962 551 1016 609 sed
1041 551 1215 610 interiectis

211 651 330 725 diebus,
353 658 386 710 et
407 671 514 710 rursus
537 653 632 711 semel
655 659 728 730 post
749 661 912 731 superatos
934 655 1067 732 Pompei
1091 655 1214 715 liberos.

211 755 353 815 Primum
375 762 407 816 et
425 757 725 816 excellentissimum
747 759 943 836 triumphum
965 760 1030 836 egit
1048 755 1215 835 Gallicum,

211 868 393 938 sequentem
415 862 675 938 Alexandrinum,
690 864 804 923 deinde
825 865 1002 938 Ponticum,
1020 864 1094 924 huic
1115 866 1240 942 proxi-t

211 987 296 1025 mum
328 967 524 1042 Africanum,
553 968 761 1028 novissimum
799 969 1055 1047 Hispaniensem,
1090 970 1215 1029 diverso

186 1091 365 1149 2quemque
391 1079 547 1151 apparatu
574 1079 606 1133 et
640 1073 859 1134 instrumento.
915 1071 1031 1134 Gallici
1061 1075 1215 1152 triumphi

210 1177 261 1236 die
284 1176 454 1253 Velabrum
479 1179 722 1254 praetervehens
748 1198 847 1256 paene
871 1199 964 1239 curru
992 1199 1140 1239 excussus
1166 1176 1214 1239 est

209 1301 268 1341 axe
289 1283 435 1341 diffracto
456 1284 661 1359 ascenditque
683 1284 876 1361 Capitolium
890 1285 930 1344 ad
950 1284 1215 1362 luminaquadra·

210 1389 298 1464 ginta
320 1388 497 1465 elephantis
521 1389 634 1449 dextra
658 1389 850 1466 sinistraque
874 1390 1068 1468 lychnuchos
1093 1397 1252 1465 gestan-10

209 1492 303 1552 tibus.
354 1492 487 1552 Pontico
515 1494 677 1570 triumpho
705 1493 789 1553 inter
813 1514 946 1572 pompae
971 1495 1092 1554 fercula
1116 1495 1213 1554 trium

208 1598 374 1657 verborum
399 1598 552 1674 praetulit
580 1599 720 1672 titulum,
745 1618 1031 1674 veru-vrorum,
1056 1618 1119 1658 non
1143 1605 1214 1660 acta

208 1702 284 1762 belli
312 1703 542 1778 significantem
571 1704 653 1763 siout
681 1703 803 1780 ceteris,
827 1705 882 1764 sed
911 1704 1055 1764 celeriter
1077 1705 1214 1764 confecti

208 1813 323 1868 notam.

150 1920 185 1970 38
256 1912 422 1973 Veteranis
440 1913 615 1989 legionibus
635 1915 770 1991 praedae
784 1914 910 1974 nomine
924 1915 958 1972 in
972 1915 1095 1992 pedites
1111 1915 1214 1990 singu·
1224 1930 1252 1977 lo

208 2018 254 2076 los
284 2038 378 2095 super
406 2018 481 2077 bina
509 2019 665 2094 sestertia,
693 2038 773 2095 quae
802 2019 895 2078 initio
923 2019 1026 2078 civilis
1056 2020 1211 2080 tumultus

207 2130 437 2199 numeraverat,
466 2123 577 2183 vicena
604 2130 757 2200 quaterna
792 2124 880 2184 milia
915 2144 1078 2199 nummum
1113 2125 1210 2185 dedit.

208 2228 400 2304 Adsignavit
414 2235 447 2289 et
460 2247 561 2304 agros,
577 2230 632 2288 sed
649 2249 712 2287 non
732 2228 896 2288 continuos
911 2249 950 2289 ne
968 2227 1039 2306 quis
1057 2236 1213 2307 possesso

208 2351 277 2391 rum
319 2334 538 2410 expelleretur.
602 2333 725 2411 Populo
759 2340 884 2411 praeter
926 2334 1080 2393 frumenti
1114 2324 1210 2395 derl'os

207 2439 327 2497 modio's
356 2458 392 2498 ac
421 2439 554 2499 totidem
582 2439 644 2498 olei
671 2439 768 2499 libras
803 2446 944 2499 trecenos
973 2458 1097 2516 quoque
1125 2456 1250 2502 num-20

207 2563 274 2603 mos
305 2563 383 2620 quos
412 2544 572 2621 pollicitus
602 2545 678 2603 olim
707 2550 774 2607 erat
801 2545 923 2604 viritim
951 2545 1062 2604 divisit
1090 2550 1122 2604 et
1152 2545 1211 2605 hoc

183 2649 342 2726 aamplius
365 2655 511 2708 centenos
533 2668 590 2726 pro
615 2669 710 2708 mora.
740 2632 900 2708 'Annuam
925 2649 1021 2708 etiam
1045 2649 1212 2709 hahitatio·

206 2773 278 2813 nem
293 2755 411 2813 Romae
425 2773 525 2830 usque
539 2755 579 2814 ad
595 2755 668 2814 bina
688 2755 776 2813 milia
790 2768 963 2828 nummum,
978 2754 1012 2812 in
1031 2754 1127 2814 Italia
1146 2767 1211 2814 ‘non

206 2858 291 2918 ultra
312 2859 485 2936 quingenos
511 2861 673 2919 sestertios
699 2859 829 2918 remisit.
877 2858 1004 2918 Adiecit
1025 2859 1211 2936 epulumac

206 2964 446 3024 viscerationem
460 2970 493 3024 et
506 2971 579 3042 post
596 2965 841 3041 Hispaniensem
862 2964 1027 3023 victoriam
1045 2965 1107 3024 duo
1121 2962 1211 3043 pran-
1220 2980 1249 3026 25

206 3069 276 3142 dia3
304 3082 378 3128 nam
404 3088 474 3127 cunr
496 3070 584 3146 prius
607 3088 700 3146 parce
722 3088 824 3146 neque
852 3088 909 3144 pro
936 3069 1127 3129 liberalitate
1153 3087 1211 3128 sua

206 3174 384 3252 praebitum
406 3174 569 3250 iudicaret,
591 3175 702 3251 quinto
724 3181 796 3252 post
817 3176 868 3235 die
889 3174 976 3234 aliud
998 3175 1210 3250 largissimum

205 3272 359 3357 praebuit.
942 3296 943 3299 ¹

147 3393 182 3443 39
245 3386 356 3445 Edidit
375 3386 556 3463 spectacula
575 3386 656 3445 varii
677 3386 817 3461 generis:
844 3402 956 3446 munus
978 3383 1209 3462 gladiatorium,

206 3490 296 3550 ludos
312 3491 408 3550 etiam
422 3490 610 3566 regionatim
625 3491 701 3551 urbe
716 3497 784 3581 tota
802 3497 835 3550 et
850 3493 977 3568 quidem
993 3511 1050 3569 per
1069 3489 1249 3551 omniumao

205 3591 384 3672 linguarum
409 3595 596 3670 histriones3
628 3596 703 3656 item
730 3596 901 3671 circensesj
915 3596 1061 3671 athletaS,
1085 3615 1211 3657 nauma-

207 3701 316 3760 chiam.
368 3702 514 3761 Mun‘er'e
531 3701 565 3760 in
592 3701 661 3759 foro
688 3701 884 3778 depugnavit
911 3701 1025 3760 Furius
1053 3701 1209 3778 Leptinus
