2812 4140
444 289 556 340 amna
580 289 615 339 11.
652 290 765 366 DIVUs
788 290 979 341 AUGUSTUS
1171 278 1213 346 55.

136 485 137 488 ¹
213 479 283 519 cum
305 466 372 520 tota
392 460 488 520 Italia
509 480 566 538 pro
585 460 728 538 partibus
748 461 822 521 suis.
864 462 932 520 Nec
952 461 1051 519 multo
1070 466 1143 538 post
1161 479 1212 520 na-

213 565 276 625 vali
304 565 422 642 proelio
450 566 535 642 apud
562 565 790 634 Actium,vicit
818 565 850 624 in
878 585 982 625 serum
1011 565 1211 624 dimicatione
1321 606 1328 623 .

189 675 380 747 aprotracta,
406 675 442 729 ut
466 670 499 728 in
522 689 602 730 nave
628 670 729 729 victor
753 671 993 748 pernoctaverit.
1040 671 1091 729 Ab
1118 670 1211 728 Actio

212 794 282 834 cum
305 775 432 835 Samum
454 774 486 833 in
507 775 638 835 hiberna
663 768 699 835 se'
721 775 899 853 recepisset,
922 775 1066 851 turbatus
1090 775 1210 866 nuntiis

211 880 250 940 de
270 881 424 940 seditione
447 881 586 958 praemia
607 886 640 940 61
662 881 843 941 missionem
865 881 1060 958 poscentium
1078 901 1155 958 quos
1173 899 1235 943 ers

212 986 296 1043 omni
315 1004 445 1044 numero
465 986 607 1046 confecta
624 986 757 1046 victoria
774 958 985 1045 Brundisium¹
997 986 1210 1063 praemiserat,

211 1090 347 1168 repetita
376 1090 471 1150 Italia
499 1096 688 1168 tempestate
716 1091 749 1149 in
773 1091 907 1151 traiectu
931 1091 980 1150 bis
1005 1091 1210 1167 conflictatus,

211 1195 313 1272 primo
338 1195 420 1255 inter
433 1196 662 1273 promunturia
686 1196 917 1273 Peloponnensi
941 1203 1035 1273 atque
1059 1196 1210 1271 Aetoliae,

212 1319 318 1359 rursus
341 1301 422 1360 circa
443 1306 564 1360 montes
586 1300 755 1361 Ceraunios
775 1302 944 1379 utrubique
963 1308 1052 1383 parte
1070 1301 1212 1360 Liburni-

211 1423 318 1464 carum
343 1405 495 1480 demersa,
518 1405 611 1465 simul
637 1405 703 1474 eius
729 1406 762 1464 in
786 1425 848 1483 qua
869 1407 1040 1467 vehebatur
1064 1407 1145 1466 fusis
1166 1426 1212 1467 ar·
1221 1403 1249 1466 10

211 1511 377 1570 mamantis
399 1516 432 1570 et
452 1511 662 1587 gubernaculo
684 1511 848 1586 diffracto;
876 1532 933 1571 nec
956 1512 1091 1590 amplius
1117 1532 1211 1590 quam

211 1621 332 1692 septem
360 1622 392 1674 et
421 1616 536 1692 viginti
570 1615 647 1691 dies,
676 1616 774 1675 donec
801 1617 861 1676 lad
889 1617 1045 1676 desideria
1072 1617 1211 1677 militum

210 1720 439 1794 ordinarentur,
469 1720 632 1779 Brundisii
664 1727 882 1796 commoratus,
910 1723 1005 1782 Asiae
1040 1723 1211 1801 Syriaeque

210 1824 343 1883 circuitu
375 1819 557 1902 Aigyptum
589 1826 671 1902 petit
698 1826 885 1903 obsessaque
913 1827 1120 1903 Alexandrea,
1149 1847 1211 1905 quo

210 1929 367 1988 Antonius
392 1949 462 1988 cum
488 1930 655 2008 Cleopatra
680 1931 873 2006 confugerat,
894 1931 982 1991 brevi
1007 1933 1127 2010 potitus
1152 1938 1209 1992 est.
1221 1949 1249 1993 15

185 2025 251 2094 adt
272 2035 447 2094 Antonium
468 2036 595 2111 quidem
618 2055 701 2095 seras
726 2036 922 2096 condiciones
947 2037 1032 2114 pacis
1057 2043 1211 2115 temptan-

209 2145 273 2199 tem
294 2141 334 2199 ad
356 2145 488 2199 mortem
511 2141 618 2216 adegit
638 2140 782 2217 viditque
807 2147 973 2200 mortuum.
1016 2142 1209 2220 Cleopatrae,

209 2264 302 2321 quam
324 2251 480 2305 servatam
502 2246 662 2323 triumpho
684 2265 796 2321 magno
821 2265 914 2323 opere
939 2247 1093 2324 cupiebat,
1115 2248 1209 2307 etiam

208 2350 333 2427 Psyllos
352 2350 493 2410 admovit
514 2351 569 2427 qui
589 2370 744 2410 venenum
765 2370 802 2410 ac
821 2351 908 2410 virus
930 2350 1109 2427 exugerent,
1126 2354 1210 2429 quod

208 2455 327 2532 perisse
349 2474 455 2514 morsu
474 2455 594 2532 aspidis
617 2457 796 2533 putabatur.
839 2456 1000 2515 Ambobus
1015 2475 1248 2520 communemao

208 2560 387 2637 sepulturae
416 2560 565 2620 honorem
588 2560 701 2621 tribuit
721 2581 758 2621 ac
783 2561 939 2620 tumulum
961 2561 1001 2621 ab
1028 2561 1106 2638 ipsis
1129 2563 1210 2621 inco

183 2664 317 2723 chatum
342 2664 451 2742 perfici
475 2665 576 2725 iussit.
619 2667 794 2725 Antonium
810 2666 973 2741 iuvenem,
999 2667 1146 2726 maiorem
1170 2668 1209 2726 de

207 2769 327 2828 duobus
342 2770 456 2830 Fulvia
470 2770 595 2847 genitis‘,
611 2771 777 2831 simulacro
795 2771 873 2830 Divi
888 2772 960 2845 Iuli,
975 2771 1015 2831 ad
1034 2771 1117 2848 quod
1138 2778 1210 2849 post

208 2874 322 2934 multas
341 2880 373 2934 et
390 2875 496 2935 irritas
515 2895 621 2952 preces
644 2876 837 2951 confugerat,
852 2876 1017 2953 abreptum
1039 2877 1207 2937 interemit.

196 2973 290 3038 'Item
319 2980 546 3055 Caesarionem,
574 3000 668 3057 quem
695 3000 734 3040 ex
762 2981 893 3041 Caesare
923 2987 1011 3058 patre
1043 2982 1246 3059 Cleopatram

207 3085 386 3162 concepisse
407 3085 617 3162 praedicabat,
634 3091 835 3145 retractume
852 3086 928 3161 fuga
949 3086 1105 3164 supplicio
1125 3088 1210 3161 adie7

207 3188 258 3249 cit.
302 3189 452 3266 Reliquos
473 3191 594 3250 Antoni
614 3191 800 3268 reginaeque
821 3210 998 3251 communes
1017 3192 1132 3253 liberos
1146 3212 1208 3251 non

207 3313 295 3354 secus
310 3314 346 3354 ac
360 3278 591 3356 necessitudine
610 3296 731 3357 iunctos
750 3296 810 3355 sibi
825 3302 857 3356 et
871 3298 1068 3358 conservavit
1085 3304 1117 3358 61
1136 3317 1208 3358 mox

207 3420 264 3476 pro
279 3400 460 3460 condicione
475 3401 625 3478 cuiusque
640 3401 792 3462 sustinuit
805 3421 842 3462 ac
857 3401 947 3462 fovit.

149 3506 183 3555 18
246 3506 308 3564 Per
325 3506 409 3565 idem
429 3512 553 3584 tempus
574 3507 781 3566 conditorium
799 3513 832 3567 et
853 3526 965 3586 corpus
986 3508 1096 3584 Magni
1117 3509 1247 3568 Alex-so

206 3610 297 3669 andri
315 3630 386 3670 cum
401 3611 559 3688 prolatum
575 3630 591 3671 e
606 3612 760 3689 penetrali
776 3612 960 3697 subiecisset
974 3613 1081 3687 oculis,
1096 3632 1209 3673 corona

177 3747 179 3751 <
206 3734 300 3775 aurea
321 3715 470 3792 imposita
484 3735 520 3776 ac
534 3716 661 3776 floribus
683 3715 820 3793 aspersis
842 3722 1008 3777 veneratus
1025 3722 1073 3776 est
1090 3717 1209 3779 consul·
