2812 4140
181 235 223 297 42
265 247 294 298 c.
321 245 476 296 sunronr
499 247 727 309 uanncumur
750 248 799 297 na
823 248 913 298 v1rn
937 248 1139 300 canssnun

181 436 218 477 ac
238 416 301 478 iam
322 419 440 477 dudum
462 419 655 497 opperientis
674 419 870 495 destitueret,
892 421 1003 497 quinta
1019 421 1086 481 fere
1108 422 1185 481 hora

182 542 365 600 progressus
387 529 436 582 est
456 523 661 600 libellumque
677 525 861 583 insidiarum
883 525 1019 584 indicem
1034 526 1074 585 ab
1093 526 1185 585 obvio

183 628 318 706 quodam
342 634 521 707 porrectum
546 628 663 688 libellis
692 630 802 689 ceteris
831 649 908 706 quos
937 630 1067 690 sinistra
1091 650 1185 690 manu

183 731 311 793 tenebat
332 734 422 810 quasi
444 754 516 793 mox
537 733 675 794 lecturus
698 735 902 795 commiscuit.
944 735 1027 795 Dein
1041 736 1185 814 pluribus

159 839 295 898 ohostiis
324 839 421 898 caesis
457 858 528 898 cum
561 839 653 899 litare
683 860 746 899 non
774 846 889 918 posset,
917 841 1041 900 introiit
1069 841 1186 900 curiam

184 950 290 1022 spreta
320 944 471 1028 religione
506 946 757 1023 Spurinnamque
785 946 920 1005 irridens
947 952 980 1006 et
1007 953 1043 1005 ut
1070 947 1187 1018 falsum

183 1068 316 1126 arguens
334 1050 419 1126 quod
440 1050 507 1109 sine
524 1050 589 1109 ulla
607 1070 663 1109 sua
681 1070 763 1110 noxa
782 1051 859 1110 Idus
874 1051 1009 1110 Martiae
1023 1051 1187 1111 adessent:

184 1173 363 1232 quanquam
385 1154 411 1213 is
433 1154 556 1214 venisse
578 1155 706 1231 quidem
727 1174 778 1214 eas
801 1156 928 1229 diceret,
944 1157 999 1214 sed
1020 1168 1084 1214 non¹
1104 1175 1189 1233 prae·

184 1259 304 1320 terisse.

147 1380 175 1424 10
225 1363 428 1424 Assidentem
450 1365 621 1443 conspirati
650 1367 753 1444 specie
781 1365 874 1425 officii
903 1367 1187 1441 circumsteterunt,
1213 1375 1249 1426 82

185 1468 319 1545 ilicoque
341 1469 466 1529 Cimber
487 1469 611 1545 Tillius,
635 1471 689 1546 qui
717 1471 835 1547 primas
864 1478 969 1548 partes
999 1477 1188 1549 susceperat,

185 1574 276 1650 quasi
296 1574 417 1650 aliquid
440 1582 605 1650 rogaturus
626 1575 757 1653 propius
779 1576 912 1635 accessit
934 1576 1140 1652 renuentique
1158 1582 1190 1636 et

83 1696 86 1703 ’
186 1684 276 1755 gestu
291 1677 324 1737 in
338 1678 425 1738 aliud
440 1685 565 1757 tempus
586 1680 746 1740 differenti
761 1680 801 1740 ab
815 1687 948 1758 utroque
962 1700 1070 1740 umero
1085 1687 1190 1757 togam

185 1783 411 1862 adprehendit3
443 1785 555 1844 deinde
584 1785 788 1845 clamantem:
824 1786 913 1846 Ista
939 1787 1101 1863 quidem
1128 1787 1190 1846 vis

147 1904 176 1949 15
187 1892 257 1949 est!
282 1889 363 1949 alter
377 1909 394 1948 e
413 1889 518 1949 Cascis
537 1909 683 1950 aversum
698 1892 845 1950 vulnerat
859 1891 989 1968 paulum
1004 1892 1089 1951 infra
1104 1892 1191 1968 iugu-

186 1993 260 2054 lum.
303 1994 418 2055 Caesar
432 1994 547 2054 Cascae
561 1994 723 2054 brachium
737 2001 898 2075 arreptum
920 1997 1052 2074 graphio
1066 1996 1214 2056 traiecita

187 2105 379 2176 conatusque
406 2096 551 2178 prosilire
578 2099 641 2160 alio
668 2101 798 2161 vulnere
827 2102 970 2161 tardatus
998 2107 1065 2176 est3
1093 2106 1191 2178 utque

186 2205 411 2265 animadvertit
432 2205 570 2282 undique
598 2225 631 2265 se
660 2205 779 2265 strictis
807 2207 995 2284 pugionibus
1020 2207 1097 2284 peti,
1119 2212 1191 2282 toga

188 2315 282 2387 (aput
299 2310 449 2386 obvolvit,
468 2311 561 2369 simul
580 2311 709 2370 sinistra
726 2330 821 2371 manu
840 2312 945 2370 sinum
962 2312 1003 2371 ad
1021 2313 1085 2371 ima
1102 2330 1191 2371 crura

147 2414 319 2475 mdeduxit
340 2435 403 2492 quo
426 2415 588 2475 honestius
611 2402 736 2475 caderet
760 2416 855 2476 etiam
880 2417 1030 2476 inferiore
1053 2416 1190 2494 corporis

187 2526 277 2598 parte
292 2520 404 2580 velata.
438 2521 545 2597 Atque
560 2521 606 2580 ita
620 2521 721 2580 tribus
737 2527 769 2581 et
783 2522 898 2597 viginti
912 2522 1014 2598 plagis
1028 2521 1190 2580 confossus

188 2630 236 2685 est
250 2644 312 2684 uno
333 2626 425 2683 modo
446 2626 486 2685 ad
507 2626 646 2703 primum
667 2626 764 2685 ictum
786 2627 906 2702 gemitu
924 2627 991 2685 sine
1006 2645 1080 2686 voce
1096 2626 1190 2700 edito,

188 2730 248 2790 etsi
269 2731 468 2790 tradiderunt
488 2731 616 2806 quidam
638 2733 746 2790 Marco
773 2730 873 2790 Bruto
894 2731 1028 2790 irruenti
1056 2731 1190 2792 dixisse:

188 2838 244 2896 Καὶ
258 2838 295 2895 σὺ
309 2837 417 2910 τέκνον;
438 2836 601 2894 Exanimis
612 2836 852 2912 diffugientibus
864 2836 985 2896 cunctis
996 2836 1215 2912 aliquamdiu3

148 2931 298 3015 asiacuit,
322 2941 420 2999 donec
446 2940 576 3000 lecticae
604 2941 798 3018 impositum,
826 2942 1024 3018 dependente
1053 2941 1189 3016 brachie,

188 3051 253 3105 tres
268 3046 382 3105 servoli
403 3047 531 3105 domum
552 3047 751 3106 rettulerunt.
794 3048 862 3106 Nec
880 3047 913 3105 in
933 3052 981 3106 tot
996 3046 1190 3120 vulneribus,

188 3156 225 3211 ut
238 3151 399 3211 Antistius
414 3153 552 3213 medicus
571 3152 782 3227 existimabat,
800 3152 895 3212 letale
912 3152 1013 3210 ullum
1031 3156 1191 3228 repertum

189 3261 237 3316 est
251 3257 313 3315 nisi
327 3259 410 3334 quod
426 3261 561 3319 secundo
576 3260 643 3318 loco
654 3260 692 3335 ‚in
706 3264 832 3338 pectore
847 3263 1018 3336 acceperat.

228 3365 345 3425 Fuerat
374 3365 497 3426 animus
533 3366 702 3426 coniuratis
731 3385 843 3444 corpus
869 3364 963 3424 occisi
991 3364 1024 3421 in
1051 3362 1215 3422 Tiberim4

150 3470 321 3546 abtrahere,
336 3472 418 3532 bona
431 3471 600 3550 publicare,
615 3479 685 3533 acta
706 3472 892 3547 rescindere,
908 3471 963 3531 sed
984 3475 1070 3529 metu
1091 3468 1192 3554 Marci

94 3593 98 3600 ¹
189 3576 309 3636 Antoni
324 3577 459 3636 consulis
482 3584 513 3638 et
534 3579 677 3654 magistri
699 3579 841 3655 equitum
862 3577 976 3655 Lepidi
991 3577 1190 3636 destiterunt.

229 3682 415 3742 Postulante
429 3702 502 3759 ergo
516 3683 613 3742 Lucio
627 3683 742 3743 Pisone
759 3702 874 3758 socero,
885 3687 1110 3743 testamentum
1125 3680 1191 3741 eius
1215 3686 1251 3737 83
