2812 4140
482 272 594 322 meua
617 271 640 322 1.
677 272 788 329 DIVUS
812 272 935 322 IULIUS
1192 264 1211 324 9

208 447 292 525 quod
313 446 501 506 Mithridate
523 464 595 521 rege
616 445 701 505 victo
729 445 928 504 cunctantius
953 446 1211 507 confirmarentur

207 558 279 614 acta
302 570 376 626 sua;
406 550 619 628 Pompeioque
647 551 790 610 Marcum
815 550 963 610 Crassum
988 552 1211 630 reconciliavit,

208 663 347 719 veterem
368 656 531 715 inimicum
551 674 590 715 ex
612 655 784 730 consulatu,
800 675 893 732 quem
915 675 1037 717 summa
1055 659 1213 719 discordia

209 762 304 823 simul
332 767 511 839 gesserant,
542 780 579 821 ac
608 761 789 821 societatem
818 781 889 821 cum
913 768 1048 840 utroque
1073 765 1145 824 iniit
1172 784 1212 825 ne

209 869 286 947 quid
313 873 459 945 ageretur
486 868 520 926 in
548 886 581 926 re
609 867 735 945 publica
760 868 843 944 quod
872 868 1088 947 displicuisset
1112 871 1170 929 ulli
1195 882 1236 930 eo

209 975 320 1035 tribus.

121 1121 124 1126 -
149 1099 186 1150 20
250 1080 336 1140 Inito
350 1080 467 1139 honore
484 1079 605 1156 primus
620 1079 761 1138 omnium
782 1080 923 1140 instituit
943 1087 978 1140 ut
999 1087 1065 1140 tam
1085 1087 1211 1142 senatus

210 1204 305 1263 quam
332 1185 443 1263 populi
470 1184 583 1244 diurna
610 1190 681 1244 acta
709 1184 879 1244 confierent
906 1191 939 1244 et
967 1186 1211 1263 publicarentur.

211 1290 387 1367 Antiquum
408 1289 504 1349 etiam
527 1289 651 1348 rettulit
673 1308 791 1349 morem
811 1296 856 1366 ut,
885 1310 947 1368 quo
976 1310 1082 1351 mense
1110 1291 1212 1351 fasces

210 1415 273 1455 non
289 1394 428 1469 haberet,
445 1413 593 1454 accensus
610 1401 684 1454 ante
699 1414 770 1462 eum
785 1395 855 1471 iret,
869 1396 996 1457 lictores
1011 1416 1092 1476 pone
1107 1409 1252 1474 seque-10

210 1506 327 1559 rentur.
370 1501 453 1576 Lege
477 1505 584 1559 autem
607 1499 730 1576 agraria
755 1501 953 1577 promulgata
974 1501 1213 1563 obnuntiantem

210 1606 361 1681 collegam
378 1605 478 1665 armis
494 1605 563 1663 foro
577 1605 701 1682 expulit
714 1624 751 1665 ac
765 1611 892 1683 postero
905 1607 956 1666 die
972 1607 1005 1666 in
1021 1614 1131 1668 senatu
1146 1627 1214 1668 oon·

210 1717 357 1788 questum
378 1730 436 1770 nec
457 1729 613 1788 quoquam
635 1716 760 1787 reperto
777 1711 832 1788 qui
850 1730 944 1790 super
963 1713 1022 1772 tali
1039 1719 1215 1774 consterna

211 1817 296 1876 tione
317 1817 435 1876 referre
456 1822 512 1876 aut
533 1835 658 1875 censere
682 1816 804 1894 aliquid
825 1818 964 1892 auderet,
986 1819 1093 1895 qualia
1114 1821 1214 1880 multa

212 1941 305 2000 saepe
325 1921 359 1980 in
380 1921 550 1981 levioribus
576 1922 678 1980 turbis
700 1923 826 1981 decreta
846 1929 945 1997 erant,
968 1923 1001 1981 in
1022 1943 1091 1983 eam
1113 1925 1215 2001 coegit
1225 1940 1254 1986 1⁶

211 2027 463 2105 desperationem
486 2033 523 2087 ut
545 2028 647 2103 quoad
669 2033 827 2104 potestate
847 2027 949 2087 abiret
973 2029 1066 2087 domo
1087 2030 1214 2090 abditus

211 2132 292 2191 nihil
306 2132 393 2192 aliud
408 2150 503 2208 quam
520 2151 577 2209 per
590 2132 695 2192 edicta
709 2132 918 2192 obnuntiaret.

187 2244 203 2288 2
251 2238 344 2298 Unus
356 2256 394 2296 ex
405 2256 442 2297 eo
456 2242 598 2316 tempore
609 2238 714 2298 omnia
725 2238 803 2297 inre
818 2238 944 2315 publica
954 2245 987 2298 et
997 2241 1037 2300 ad
1048 2240 1215 2300 arbitrium

211 2342 456 2417 administravit,
486 2349 523 2403 ut
552 2344 696 2402 nonnulli
726 2343 925 2418 urbanorum,
955 2362 1025 2403 eum
1054 2344 1131 2421 quid
1159 2364 1215 2422 per
1301 2363 1303 2366 ’

211 2448 314 2508 iocum
335 2449 475 2508 testandi
495 2449 598 2524 gratia
618 2449 789 2525 signarent,
804 2468 867 2507 non
884 2450 1016 2509 Caesare
1037 2455 1070 2508 et
1091 2449 1254 2526 Bibulo,uu

213 2553 268 2613 sed
296 2552 379 2612 Iulio
407 2559 440 2613 et
468 2553 600 2614 Caesare
629 2554 807 2613 consulibus
833 2562 938 2615 actum
962 2555 1144 2630 scriberent,
1166 2554 1215 2614 bis

212 2659 345 2719 eundem
368 2665 597 2736 praeponentes
625 2661 751 2719 nomine
779 2666 873 2737 atque
903 2661 1095 2736 cognomine,
1117 2666 1215 2738 utque

211 2765 305 2841 vulgo
319 2784 391 2824 mox
406 2765 565 2824 ferrentur
578 2765 612 2823 hi
627 2784 754 2825 versus:

212 2921 299 2980 Non
314 2919 459 2979 Bibulo
473 2920 652 2997 quiddam
672 2940 794 2998 nuper
813 2922 877 2980 sed
898 2922 1057 2982 Caesare
1073 2924 1215 2984 factum

373 3031 449 3085 esi:
1225 3054 1254 3100 25

293 3150 380 3191 narn
402 3131 552 3190 Bibulo
573 3132 675 3191 fieri
697 3133 864 3192 consule
885 3134 946 3192 nil
968 3135 1140 3194 memini.

189 3292 366 3370 sCampum
399 3293 563 3353 Stellatem
595 3294 764 3354 maioribus
797 3302 1010 3356 consecratum
1043 3316 1216 3374 agrumque

213 3397 409 3475 Campanum
429 3398 470 3458 ad
492 3399 632 3459 subsidia
646 3400 692 3459 rei
707 3399 851 3477 publicae
865 3402 1053 3478 vectigalem
1070 3403 1215 3462 relictum

213 3503 325 3562 divisit
347 3510 436 3563 extra
461 3511 576 3563 sortem
601 3505 641 3564 ad
663 3506 778 3581 viginti
803 3507 929 3568 milibus
960 3508 1076 3567 civium
1102 3507 1215 3583 quibus

155 3618 160 3629 '
214 3609 297 3668 terni
318 3610 464 3686 pluresve
493 3612 585 3670 liberi
613 3619 726 3674 essent.
782 3615 969 3675 Publicanos
999 3615 1254 3675 remissionemau

130 3747 134 3754 ·
215 3715 353 3791 petentis
376 3716 471 3775 tertia
492 3718 670 3776 mercedum
692 3725 781 3796 parte
803 3721 956 3781 relevavit
976 3739 1012 3781 ae
1026 3739 1065 3779 ne
1086 3721 1119 3778 in
1137 3721 1216 3778 loca-
