2812 4140
197 224 239 294 48
280 236 310 293 0.
336 236 493 292 surrorn
515 237 743 303 rssremnm
767 238 816 290 os
841 238 931 290 vrrs
956 238 1159 292 cassanen

197 411 308 473 tiviros
322 430 432 488 agrum
446 411 641 489 Campanum
651 410 738 489 plebi
751 411 835 471 Iulia
843 410 911 486 lege
922 411 1041 471 divisit.
1083 411 1227 472 Veruma

197 517 281 576 idem
297 517 466 595 Antonius,
480 516 657 594 despiciens
677 516 773 576 etiam
792 521 966 605 maternam
985 516 1123 592 Augusti
1145 518 1203 577 ori-
1228 494 1236 506 ’

198 622 312 701 ginem,
326 640 479 699 proavum
493 621 559 680 eius
571 621 645 680 Afri
659 621 782 696 generis
797 621 897 680 fuisse
912 626 944 680 et
959 621 1052 680 modo
1065 641 1202 698 unguen-

198 726 311 786 tariam
322 726 483 786 tabernam
495 726 587 809 modo
597 724 768 803 pistrinum
776 706 900 785 Ariciae
910 726 1085 786 exercuisse
1094 726 1199 788 obicit.

173 831 324 892 oOassius
346 832 473 909 quidem
490 830 670 891 Parmensis
692 831 828 907 quadarn
847 831 985 908 epistula
998 851 1061 891 non
1076 839 1201 893 tantum

197 942 233 996 ut
245 937 393 1015 pistoris,
416 937 471 996 sed
492 937 588 996 etiarn
608 942 645 996 ut
665 936 856 996 nummulari
877 943 1025 1014 nepotem
1046 938 1091 997 sic
1112 944 1201 1013 taxat

197 1043 394 1118 Augustum:
427 1043 613 1102 Materna
637 1024 717 1101 tibi
739 1040 876 1102 farina
898 1048 960 1102 est
984 1061 1028 1102 ex
1052 1044 1202 1103 crudis·

198 1146 298 1207 simo
325 1146 488 1206 Ariciae
513 1146 711 1223 pistrino:
743 1146 844 1206 hanc
867 1146 989 1206 finxit
1016 1147 1199 1208 manibus

199 1251 349 1330 collybo
372 1233 604 1311 decoloratis
629 1251 904 1311 Nerulonensis
931 1253 1152 1313 mensarios.

160 1370 190 1416 10
237 1357 341 1416 Natus
366 1362 415 1416 est
439 1357 602 1432 Augustus
630 1358 674 1415 M.
701 1356 806 1415 Tullio
830 1357 978 1417 Cicerone
1004 1358 1036 1417 (1.
1061 1358 1200 1418 Α111ο1111
1226 1371 1242 1420 5

198 1479 297 1521 conss
325 1462 439 1522 VIIII
468 1461 542 1521 Kal.
575 1461 683 1521 Octob.
713 1461 807 1539 paulo
841 1468 916 1521 ante
951 1463 1026 1522 solis
1057 1470 1201 1523 exortum

198 1567 322 1642 regione
350 1567 456 1627 Palati
482 1567 523 1626 ad
548 1566 661 1659 Capita
686 1566 818 1641 Bubul'a,
840 1566 896 1626 ubi
920 1587 1003 1627 nuno
1031 1569 1201 1629 sacrarium

196 1671 301 1747 habet,
319 1671 481 1749 aliquanto
502 1668 575 1749 post
591 1690 686 1748 quam
705 1672 840 1745 excessit
859 1674 1075 1733 constitutum.
1117 1675 1201 1734 Nam

197 1782 233 1836 ut
248 1781 374 1837 senalus
388 1777 468 1836 actis
485 1776 673 1851 continetur,
689 1795 760 1835 cum
777 1777 810 1836 Ο.
826 1778 1001 1854 Laetorius,
1016 1778 1200 1839 adulescens

160 1896 189 1944 11
198 1881 324 1960 patrrcn
345 1881 477 1957 generis,
499 1882 533 1940 in
553 1875 750 1959 deprecanda
771 1883 914 1979 graviore
933 1874 1082 1943 adulterii
1101 1903 1201 1962 poena

198 1991 323 2067 praeter
336 1984 473 2046 aetatem
491 1993 586 2064 atque
605 1974 726 2049 natales
748 1986 807 2072 hoc
828 2007 952 2064 quoque
971 1981 1114 2068 patribus
1134 2009 1202 2049 con·

199 2092 326 2170 scriptis
349 2091 511 2167 allegaret,
534 2110 601 2151 esse
624 2088 838 2169 possessorem
859 2112 896 2152 ac
923 2094 1012 2185 velut
1038 2094 1201 2154 aedituum

199 2197 258 2272 soli
286 2197 369 2285 quod
398 2197 535 2274 primum
562 2197 664 2256 Divus
690 2198 854 2273 Augustus
877 2217 1008 2285 nascens
1031 2198 1200 2275 attigisset,

198 2286 382 2380 peteretque
409 2301 521 2362 donari
548 2282 642 2378 quasi*
667 2302 795 2379 proprio
818 2321 874 2361 suo
901 2322 937 2363 ao
960 2304 1112 2381 peculiari
1133 2304 1201 2377 de0,

159 2407 359 2468 aodecretum
370 2413 419 2467 est
431 2413 468 2466 ut
482 2402 519 2466 e'a
533 2426 606 2484 pars
621 2400 732 2465 domus
748 2413 988 2468 consecraretur.

239 2513 514 2573 Nutrimentorum
536 2513 603 2572 eius
627 2512 810 2573 ostenditur
825 2513 928 2572 adhuc
950 2514 1036 2574 locus
1061 2516 1095 2574 in
1116 2518 1202 2577 avito
1226 2531 1244 2580 6

200 2617 377 2692 suburbano
391 2618 481 2678 iuxta
499 2618 637 2706 Velitras
655 2617 853 2695 permodicus
871 2612 911 2677 11
922 2618 1016 2679 011111
1034 2622 1201 2697 penuariae

199 2724 309 2799 instar,
324 2729 472 2815 tenetque
487 2701 683 2783 vicinitatem
697 2723 804 2800 opinio
820 2729 980 2799 tamquam
997 2730 1030 2783 et
1048 2731 1140 2785 natus
1158 2727 1203 2785 ibi

200 2829 251 2889 sit.
294 2830 367 2888 Huc
381 2828 511 2888 introire
525 2828 588 2887 nisi
602 2812 777 2921 necessario
792 2834 824 2887 et
839 2833 923 2887 caste
938 2829 1048 2904 religio
1063 2836 1119 2905 est,
1135 2850 1203 2890 con-

160 2939 292 3012 111111
315 2934 462 3012 opinione
491 2934 589 2994 veteri
617 2915 708 3011 quasi
732 2940 849 2994 temere
877 2933 1065 2993 adeuntibus
1093 2935 1203 2996 horror

200 3039 329 3116 quidam
343 3045 375 3099 et
389 3046 491 3100 metus
507 3039 668 3113 obiciatur,
684 3039 739 3099 sed
753 3045 785 3098 et
800 3057 872 3097 mox
888 3038 1050 3099 confirmat
1037 3045 1077 3099 ta
1119 3042 1204 3101 Nam

202 3163 273 3204 oum
287 3163 447 3222 possessor
461 3146 556 3206 villae
570 3165 669 3204 novus
685 3164 740 3205 seu
755 3145 837 3204 forte
853 3163 907 3204 seu
919 3144 1096 3222 temptandi
1112 3165 1204 3206 causa

203 3249 344 3309 cubitum
372 3269 405 3310 se
432 3270 469 3311 eo
498 3251 692 3325 contulisset,
720 3251 827 3311 evenit
846 3256 884 3310 ut
905 3256 978 3328 post
999 3250 1203 3327 paucissimas

202 3355 304 3429 noctis
325 3355 417 3415 horas
439 3355 623 3416 exturbatus
646 3356 718 3415 inde
740 3356 845 3416 subita
866 3355 898 3415 vi
919 3361 952 3415 et
973 3356 1092 3416 incerta
1106 3375 1205 3434 paene

166 3477 194 3522 ar
204 3459 396 3521 semianimis
411 3479 481 3519 cum
496 3466 596 3520 strato
611 3460 704 3519 simul
719 3466 792 3521 ante
807 3460 891 3520 fores
907 3460 1110 3522 inveniretur.

244 3565 374 3653 Infanti·
389 3584 559 3642 cognomen
580 3565 721 3647 Thurino
741 3565 879 3637 inditum
896 3571 954 3641 est,
969 3565 1003 3624 in
1024 3568 1206 3628 memoriam
1231 3576 1247 3625 7

204 3670 358 3731 maiorum
382 3664 512 3748 originis
533 3672 583 3731 vel
609 3671 693 3747 quod
715 3670 841 3747 regione
869 3670 1011 3730 Thurina
1039 3689 1146 3731 recens
1171 3692 1207 3732 eo
