<?xml version="1.0" encoding="UTF-8"?>
<!DOCTYPE html PUBLIC "-//W3C//DTD XHTML 1.0 Transitional//EN"
    "http://www.w3.org/TR/xhtml1/DTD/xhtml1-transitional.dtd">
<html xmlns="http://www.w3.org/1999/xhtml" xml:lang="en" lang="en">
 <head>
  <title>
</title>
<meta http-equiv="Content-Type" content="text/html;charset=utf-8" />
  <meta name='ocr-system' content='tesseract 3.04.00' />
  <meta name='ocr-capabilities' content='ocr_page ocr_carea ocr_par ocr_line ocrx_word'/>
</head>
<body>
  <div class='ocr_page' id='page_1' title='image "./gaisuetonitranq00suetgoog_0152.png"; bbox 0 0 2812 4140; ppageno 0'>
   <div class='ocr_carea' id='block_1_1' title="bbox 439 251 1209 314">
    <p class='ocr_par' dir='ltr' id='par_1_1' title="bbox 439 251 1209 314">
     <span class='ocr_line' id='line_1_1' title="bbox 439 251 1209 314; baseline 0.005 -4"><span class='ocrx_word' id='word_1_1' title='bbox 439 260 609 311; x_wconf 80' lang='grc'><strong>111111111.</strong></span> <span class='ocrx_word' id='word_1_2' title='bbox 646 260 759 311; x_wconf 87' lang='lat' dir='ltr'>o1vus</span> <span class='ocrx_word' id='word_1_3' title='bbox 781 260 974 313; x_wconf 79' lang='lat' dir='ltr'>sususros</span> <span class='ocrx_word' id='word_1_4' title='bbox 1168 251 1209 314; x_wconf 83' lang='grc'>93</span> 
     </span>
    </p>
   </div>
   <div class='ocr_carea' id='block_1_2' title="bbox 29 432 1287 3773">
    <p class='ocr_par' dir='ltr' id='par_1_2' title="bbox 206 432 1209 511">
     <span class='ocr_line' id='line_1_2' title="bbox 206 432 1209 511; baseline 0.003 -19"><span class='ocrx_word' id='word_1_5' title='bbox 206 432 367 511; x_wconf 84' lang='lat' dir='ltr'>prurigine</span> <span class='ocrx_word' id='word_1_6' title='bbox 383 432 520 511; x_wconf 89' lang='lat' dir='ltr'>corporis</span> <span class='ocrx_word' id='word_1_7' title='bbox 535 432 729 510; x_wconf 88' lang='lat' dir='ltr'>adsiduoque</span> <span class='ocrx_word' id='word_1_8' title='bbox 748 438 781 492; x_wconf 91' lang='lat' dir='ltr'>et</span> <span class='ocrx_word' id='word_1_9' title='bbox 799 432 978 493; x_wconf 89' lang='lat' dir='ltr'>vehementi</span> <span class='ocrx_word' id='word_1_10' title='bbox 998 434 1131 511; x_wconf 74' lang='lat' dir='ltr'>strigilis</span> <span class='ocrx_word' id='word_1_11' title='bbox 1151 455 1209 495; x_wconf 90' lang='lat' dir='ltr'>usu</span> 
     </span>
    </p>

    <p class='ocr_par' dir='ltr' id='par_1_3' title="bbox 206 537 1209 616">
     <span class='ocr_line' id='line_1_3' title="bbox 206 537 1209 616; baseline 0.004 -20"><span class='ocrx_word' id='word_1_12' title='bbox 206 537 406 616; x_wconf 85' lang='lat' dir='ltr'>plurifariam</span> <span class='ocrx_word' id='word_1_13' title='bbox 420 538 573 598; x_wconf 77' lang='lat' dir='ltr'>concretis</span> <span class='ocrx_word' id='word_1_14' title='bbox 588 537 628 598; x_wconf 89' lang='lat' dir='ltr'>ad</span> <span class='ocrx_word' id='word_1_15' title='bbox 643 537 838 615; x_wconf 85' lang='lat' dir='ltr'>impetiginis</span> <span class='ocrx_word' id='word_1_16' title='bbox 854 538 997 598; x_wconf 90' lang='lat' dir='ltr'>formam.</span> <span class='ocrx_word' id='word_1_17' title='bbox 1033 539 1209 600; x_wconf 85' lang='lat' dir='ltr'>Ooxendice</span> 
     </span>
    </p>

    <p class='ocr_par' dir='ltr' id='par_1_4' title="bbox 206 641 1209 723">
     <span class='ocr_line' id='line_1_4' title="bbox 206 641 1209 723; baseline 0.003 -21"><span class='ocrx_word' id='word_1_18' title='bbox 206 649 239 702; x_wconf 92' lang='lat' dir='ltr'>et</span> <span class='ocrx_word' id='word_1_19' title='bbox 252 643 372 702; x_wconf 89' lang='lat' dir='ltr'>femore</span> <span class='ocrx_word' id='word_1_20' title='bbox 386 648 419 702; x_wconf 91' lang='lat' dir='ltr'>et</span> <span class='ocrx_word' id='word_1_21' title='bbox 433 661 522 703; x_wconf 89' lang='lat' dir='ltr'>crure</span> <span class='ocrx_word' id='word_1_22' title='bbox 537 641 666 702; x_wconf 91' lang='lat' dir='ltr'>sinistro</span> <span class='ocrx_word' id='word_1_23' title='bbox 680 661 744 701; x_wconf 94' lang='lat' dir='ltr'>non</span> <span class='ocrx_word' id='word_1_24' title='bbox 757 641 888 720; x_wconf 85' lang='lat' dir='ltr'>perinde</span> <span class='ocrx_word' id='word_1_25' title='bbox 909 643 1044 720; x_wconf 81' lang='lat' dir='ltr'>valebat,</span> <span class='ocrx_word' id='word_1_26' title='bbox 1058 650 1096 704; x_wconf 92' lang='lat' dir='ltr'>ut</span> <span class='ocrx_word' id='word_1_27' title='bbox 1117 663 1209 723; x_wconf 87' lang='lat' dir='ltr'>saepe</span> 
     </span>
    </p>

    <p class='ocr_par' dir='ltr' id='par_1_5' title="bbox 206 734 1233 932">
     <span class='ocr_line' id='line_1_5' title="bbox 206 734 1210 833; baseline 0.003 -26"><span class='ocrx_word' id='word_1_28' title='bbox 206 748 303 808; x_wconf 90' lang='lat' dir='ltr'>etiam</span> <span class='ocrx_word' id='word_1_29' title='bbox 325 747 568 833; x_wconf 77' lang='lat' dir='ltr'>inclaudicaret3</span> <span class='ocrx_word' id='word_1_30' title='bbox 590 748 645 807; x_wconf 93' lang='lat' dir='ltr'>sed</span> <span class='ocrx_word' id='word_1_31' title='bbox 669 747 806 807; x_wconf 92' lang='lat' dir='ltr'>remedio</span> <span class='ocrx_word' id='word_1_32' title='bbox 828 734 1016 809; x_wconf 72' lang='lat' dir='ltr'>harenarum</span> <span class='ocrx_word' id='word_1_33' title='bbox 1038 756 1134 828; x_wconf 93' lang='lat' dir='ltr'>atque</span> <span class='ocrx_word' id='word_1_34' title='bbox 1158 751 1210 810; x_wconf 80' lang='lat' dir='ltr'>ha</span> 
     </span>
     <span class='ocr_line' id='line_1_6' title="bbox 207 853 1233 932; baseline -0.001 -20"><span class='ocrx_word' id='word_1_35' title='bbox 207 853 377 912; x_wconf 90' lang='lat' dir='ltr'>rundinum</span> <span class='ocrx_word' id='word_1_36' title='bbox 401 853 651 914; x_wconf 90' lang='lat' dir='ltr'>confirmabatur.</span> <span class='ocrx_word' id='word_1_37' title='bbox 695 855 834 914; x_wconf 86' lang='lat' dir='ltr'>Dextrae</span> <span class='ocrx_word' id='word_1_38' title='bbox 855 873 980 932; x_wconf 90' lang='lat' dir='ltr'>quoque</span> <span class='ocrx_word' id='word_1_39' title='bbox 1001 875 1112 916; x_wconf 90' lang='lat' dir='ltr'>manus</span> <span class='ocrx_word' id='word_1_40' title='bbox 1133 855 1233 932; x_wconf 79' lang='lat' dir='ltr'>digit</span> 
     </span>
    </p>

    <p class='ocr_par' dir='ltr' id='par_1_6' title="bbox 207 959 1210 1022">
     <span class='ocr_line' id='line_1_7' title="bbox 207 959 1210 1022; baseline 0.001 -3"><span class='ocrx_word' id='word_1_41' title='bbox 207 965 275 1019; x_wconf 90' lang='lat' dir='ltr'>tum</span> <span class='ocrx_word' id='word_1_42' title='bbox 297 959 467 1019; x_wconf 87' lang='lat' dir='ltr'>salutarem</span> <span class='ocrx_word' id='word_1_43' title='bbox 491 963 557 1019; x_wconf 90' lang='lat' dir='ltr'>tam</span> <span class='ocrx_word' id='word_1_44' title='bbox 582 959 776 1019; x_wconf 87' lang='lat' dir='ltr'>imbecillum</span> <span class='ocrx_word' id='word_1_45' title='bbox 805 959 965 1020; x_wconf 90' lang='lat' dir='ltr'>interdum</span> <span class='ocrx_word' id='word_1_46' title='bbox 995 961 1151 1022; x_wconf 79' lang='lat' dir='ltr'>sentiebat</span> <span class='ocrx_word' id='word_1_47' title='bbox 1174 968 1210 1021; x_wconf 94' lang='lat' dir='ltr'>ut</span> 
     </span>
    </p>

    <p class='ocr_par' dir='ltr' id='par_1_7' title="bbox 105 1065 1210 1143">
     <span class='ocr_line' id='line_1_8' title="bbox 105 1065 1210 1143; baseline 0.001 -19"><span class='ocrx_word' id='word_1_48' title='bbox 105 1077 107 1082; x_wconf 58' lang='lat'><strong><em>⁴</em></strong></span> <span class='ocrx_word' id='word_1_49' title='bbox 207 1070 384 1143; x_wconf 87' lang='lat' dir='ltr'>torpentem</span> <span class='ocrx_word' id='word_1_50' title='bbox 419 1069 676 1142; x_wconf 89' lang='lat' dir='ltr'>contractumque</span> <span class='ocrx_word' id='word_1_51' title='bbox 711 1065 828 1141; x_wconf 87' lang='lat' dir='ltr'>frigore</span> <span class='ocrx_word' id='word_1_52' title='bbox 860 1065 915 1124; x_wconf 87' lang='lat' dir='ltr'>vix</span> <span class='ocrx_word' id='word_1_53' title='bbox 955 1067 1059 1126; x_wconf 89' lang='lat' dir='ltr'>cornei</span> <span class='ocrx_word' id='word_1_54' title='bbox 1100 1067 1210 1127; x_wconf 91' lang='lat' dir='ltr'>circuli</span> 
     </span>
    </p>

    <p class='ocr_par' dir='ltr' id='par_1_8' title="bbox 29 1147 1209 1248">
     <span class='ocr_line' id='line_1_9' title="bbox 29 1147 1209 1248; baseline 0.003 -19"><span class='ocrx_word' id='word_1_55' title='bbox 29 1164 32 1169; x_wconf 70' lang='grc'>’</span> <span class='ocrx_word' id='word_1_56' title='bbox 73 1147 78 1154; x_wconf 36' lang='lat'>⁴</span> <span class='ocrx_word' id='word_1_57' title='bbox 125 1207 154 1226; x_wconf 64' lang='lat'><em>2</em></span> <span class='ocrx_word' id='word_1_58' title='bbox 207 1170 426 1248; x_wconf 88' lang='lat' dir='ltr'>supplemento</span> <span class='ocrx_word' id='word_1_59' title='bbox 454 1169 628 1247; x_wconf 89' lang='lat' dir='ltr'>scripturae</span> <span class='ocrx_word' id='word_1_60' title='bbox 652 1169 842 1230; x_wconf 86' lang='lat' dir='ltr'>admoveret.</span> <span class='ocrx_word' id='word_1_61' title='bbox 885 1169 1021 1240; x_wconf 82' lang='lat' dir='ltr'>Questus</span> <span class='ocrx_word' id='word_1_62' title='bbox 1044 1178 1093 1231; x_wconf 91' lang='lat' dir='ltr'>est</span> <span class='ocrx_word' id='word_1_63' title='bbox 1114 1178 1147 1232; x_wconf 93' lang='lat' dir='ltr'>et</span> <span class='ocrx_word' id='word_1_64' title='bbox 1170 1172 1209 1231; x_wconf 90' lang='lat' dir='ltr'>de</span> 
     </span>
    </p>

    <p class='ocr_par' dir='ltr' id='par_1_9' title="bbox 29 1275 1249 1442">
     <span class='ocr_line' id='line_1_10' title="bbox 81 1275 1209 1358; baseline 0.002 -23"><span class='ocrx_word' id='word_1_65' title='bbox 81 1343 83 1348; x_wconf 14' lang='lat'><strong>¹</strong></span> <span class='ocrx_word' id='word_1_66' title='bbox 206 1275 320 1350; x_wconf 88' lang='lat' dir='ltr'>vesica,</span> <span class='ocrx_word' id='word_1_67' title='bbox 338 1275 428 1358; x_wconf 86' lang='lat' dir='ltr'>cuius</span> <span class='ocrx_word' id='word_1_68' title='bbox 448 1275 556 1334; x_wconf 92' lang='lat' dir='ltr'>dolore</span> <span class='ocrx_word' id='word_1_69' title='bbox 578 1275 705 1335; x_wconf 87' lang='lat' dir='ltr'>calculis</span> <span class='ocrx_word' id='word_1_70' title='bbox 728 1276 854 1335; x_wconf 91' lang='lat' dir='ltr'>demum</span> <span class='ocrx_word' id='word_1_71' title='bbox 875 1294 932 1354; x_wconf 89' lang='lat' dir='ltr'>per</span> <span class='ocrx_word' id='word_1_72' title='bbox 953 1276 1076 1337; x_wconf 91' lang='lat' dir='ltr'>urinam</span> <span class='ocrx_word' id='word_1_73' title='bbox 1100 1277 1209 1337; x_wconf 87' lang='lat' dir='ltr'>eiectis</span> 
     </span>
     <span class='ocr_line' id='line_1_11' title="bbox 29 1368 1249 1442; baseline 0.002 -2"><span class='ocrx_word' id='word_1_74' title='bbox 29 1368 37 1382; x_wconf 75' lang='grc'>’</span> <span class='ocrx_word' id='word_1_75' title='bbox 89 1375 91 1378; x_wconf 42' lang='lat'><em>⁴</em></span> <span class='ocrx_word' id='word_1_76' title='bbox 206 1381 378 1442; x_wconf 87' lang='lat' dir='ltr'>levabatur.</span> <span class='ocrx_word' id='word_1_77' title='bbox 1220 1397 1249 1442; x_wconf 90' lang='lat'>10</span> 
     </span>
    </p>

    <p class='ocr_par' dir='ltr' id='par_1_10' title="bbox 148 1487 1210 1566">
     <span class='ocr_line' id='line_1_12' title="bbox 148 1487 1210 1566; baseline 0.005 -24"><span class='ocrx_word' id='word_1_78' title='bbox 148 1493 183 1543; x_wconf 86' lang='lat'>81</span> <span class='ocrx_word' id='word_1_79' title='bbox 247 1487 367 1547; x_wconf 84' lang='lat' dir='ltr'>Graves</span> <span class='ocrx_word' id='word_1_80' title='bbox 392 1492 424 1546; x_wconf 93' lang='lat' dir='ltr'>et</span> <span class='ocrx_word' id='word_1_81' title='bbox 449 1487 640 1565; x_wconf 91' lang='lat' dir='ltr'>periculosas</span> <span class='ocrx_word' id='word_1_82' title='bbox 663 1487 855 1548; x_wconf 87' lang='lat' dir='ltr'>valitudines</span> <span class='ocrx_word' id='word_1_83' title='bbox 883 1506 1088 1566; x_wconf 89' lang='lat' dir='ltr'>peromnem</span> <span class='ocrx_word' id='word_1_84' title='bbox 1110 1489 1210 1549; x_wconf 89' lang='lat' dir='ltr'>vitam</span> 
     </span>
    </p>

    <p class='ocr_par' dir='ltr' id='par_1_11' title="bbox 206 1591 1211 1670">
     <span class='ocr_line' id='line_1_13' title="bbox 206 1591 1211 1670; baseline 0 -18"><span class='ocrx_word' id='word_1_85' title='bbox 206 1591 328 1669; x_wconf 90' lang='lat' dir='ltr'>aliquot</span> <span class='ocrx_word' id='word_1_86' title='bbox 349 1597 497 1669; x_wconf 83' lang='lat' dir='ltr'>expertus</span> <span class='ocrx_word' id='word_1_87' title='bbox 518 1598 585 1667; x_wconf 91' lang='lat' dir='ltr'>est;</span> <span class='ocrx_word' id='word_1_88' title='bbox 613 1592 780 1670; x_wconf 79' lang='lat' dir='ltr'>praecipue</span> <span class='ocrx_word' id='word_1_89' title='bbox 802 1593 971 1653; x_wconf 81' lang='lat' dir='ltr'>Cantabria</span> <span class='ocrx_word' id='word_1_90' title='bbox 991 1594 1120 1669; x_wconf 88' lang='lat' dir='ltr'>domita,</span> <span class='ocrx_word' id='word_1_91' title='bbox 1140 1613 1211 1653; x_wconf 92' lang='lat' dir='ltr'>cum</span> 
     </span>
    </p>

    <p class='ocr_par' dir='ltr' id='par_1_12' title="bbox 100 1697 1211 1778">
     <span class='ocr_line' id='line_1_14' title="bbox 100 1697 1211 1778; baseline 0.001 -21"><span class='ocrx_word' id='word_1_92' title='bbox 100 1771 103 1778; x_wconf 37' lang='lat'>,</span> <span class='ocrx_word' id='word_1_93' title='bbox 207 1697 303 1757; x_wconf 92' lang='lat' dir='ltr'>etiam</span> <span class='ocrx_word' id='word_1_94' title='bbox 322 1697 589 1757; x_wconf 88' lang='lat' dir='ltr'>destillationibus</span> <span class='ocrx_word' id='word_1_95' title='bbox 609 1697 745 1757; x_wconf 89' lang='lat' dir='ltr'>iocinere</span> <span class='ocrx_word' id='word_1_96' title='bbox 763 1697 877 1758; x_wconf 88' lang='lat' dir='ltr'>vitiato</span> <span class='ocrx_word' id='word_1_97' title='bbox 898 1697 938 1758; x_wconf 89' lang='lat' dir='ltr'>ad</span> <span class='ocrx_word' id='word_1_98' title='bbox 959 1698 1211 1777; x_wconf 86' lang='lat' dir='ltr'>desperationem</span> 
     </span>
    </p>

    <p class='ocr_par' dir='ltr' id='par_1_13' title="bbox 207 1802 1249 1992">
     <span class='ocr_line' id='line_1_15' title="bbox 208 1802 1212 1880; baseline 0 -18"><span class='ocrx_word' id='word_1_99' title='bbox 208 1803 351 1862; x_wconf 90' lang='lat' dir='ltr'>redactus</span> <span class='ocrx_word' id='word_1_100' title='bbox 387 1802 576 1862; x_wconf 87' lang='lat' dir='ltr'>contrariam</span> <span class='ocrx_word' id='word_1_101' title='bbox 610 1807 642 1862; x_wconf 89' lang='lat' dir='ltr'>et</span> <span class='ocrx_word' id='word_1_102' title='bbox 676 1802 847 1880; x_wconf 87' lang='lat' dir='ltr'>ancipitem</span> <span class='ocrx_word' id='word_1_103' title='bbox 881 1802 1035 1863; x_wconf 92' lang='lat' dir='ltr'>rationem</span> <span class='ocrx_word' id='word_1_104' title='bbox 1065 1803 1212 1863; x_wconf 89' lang='lat' dir='ltr'>medendi</span> 
     </span>
     <span class='ocr_line' id='line_1_16' title="bbox 207 1907 1249 1992; baseline 0 -26"><span class='ocrx_word' id='word_1_105' title='bbox 207 1907 382 1967; x_wconf 88' lang='lat' dir='ltr'>necessario</span> <span class='ocrx_word' id='word_1_106' title='bbox 408 1907 523 1967; x_wconf 85' lang='lat' dir='ltr'>subiit:</span> <span class='ocrx_word' id='word_1_107' title='bbox 555 1907 630 1985; x_wconf 89' lang='lat' dir='ltr'>quia</span> <span class='ocrx_word' id='word_1_108' title='bbox 655 1907 757 1992; x_wconf 89' lang='lat' dir='ltr'>calida</span> <span class='ocrx_word' id='word_1_109' title='bbox 782 1907 923 1969; x_wconf 88' lang='lat' dir='ltr'>fomenta</span> <span class='ocrx_word' id='word_1_110' title='bbox 945 1928 1008 1968; x_wconf 92' lang='lat' dir='ltr'>non</span> <span class='ocrx_word' id='word_1_111' title='bbox 1031 1909 1211 1987; x_wconf 88' lang='lat' dir='ltr'>proderant,</span> <span class='ocrx_word' id='word_1_112' title='bbox 1222 1921 1249 1966; x_wconf 81' lang='lat'>15</span> 
     </span>
    </p>

    <p class='ocr_par' dir='ltr' id='par_1_14' title="bbox 208 2011 1037 2088">
     <span class='ocr_line' id='line_1_17' title="bbox 208 2011 1037 2088; baseline 0.005 -18"><span class='ocrx_word' id='word_1_113' title='bbox 208 2011 334 2088; x_wconf 84' lang='lat' dir='ltr'>frigidis</span> <span class='ocrx_word' id='word_1_114' title='bbox 356 2011 458 2072; x_wconf 89' lang='lat' dir='ltr'>curari</span> <span class='ocrx_word' id='word_1_115' title='bbox 480 2018 605 2072; x_wconf 90' lang='lat' dir='ltr'>coactus</span> <span class='ocrx_word' id='word_1_116' title='bbox 627 2017 753 2086; x_wconf 80' lang='lat' dir='ltr'>auctore</span> <span class='ocrx_word' id='word_1_117' title='bbox 775 2013 914 2073; x_wconf 90' lang='lat' dir='ltr'>Antonio</span> <span class='ocrx_word' id='word_1_118' title='bbox 935 2015 1037 2074; x_wconf 92' lang='lat' dir='ltr'>Musa.</span> 
     </span>
    </p>

    <p class='ocr_par' dir='ltr' id='par_1_15' title="bbox 184 2116 1253 2616">
     <span class='ocr_line' id='line_1_18' title="bbox 184 2116 1212 2196; baseline 0.006 -23"><span class='ocrx_word' id='word_1_119' title='bbox 184 2129 199 2173; x_wconf 84' lang='lat'>2</span> <span class='ocrx_word' id='word_1_120' title='bbox 248 2116 406 2187; x_wconf 82' lang='lat' dir='ltr'>Quasdam</span> <span class='ocrx_word' id='word_1_121' title='bbox 420 2123 454 2178; x_wconf 88' lang='lat' dir='ltr'>et</span> <span class='ocrx_word' id='word_1_122' title='bbox 466 2118 696 2178; x_wconf 86' lang='lat' dir='ltr'>anniversarias</span> <span class='ocrx_word' id='word_1_123' title='bbox 711 2137 747 2178; x_wconf 93' lang='lat' dir='ltr'>ac</span> <span class='ocrx_word' id='word_1_124' title='bbox 762 2123 903 2196; x_wconf 88' lang='lat' dir='ltr'>tempore</span> <span class='ocrx_word' id='word_1_125' title='bbox 918 2124 1002 2179; x_wconf 90' lang='lat' dir='ltr'>certo</span> <span class='ocrx_word' id='word_1_126' title='bbox 1017 2125 1212 2179; x_wconf 88' lang='lat' dir='ltr'>recurrentes</span> 
     </span>
     <span class='ocr_line' id='line_1_19' title="bbox 209 2222 1214 2302; baseline 0.001 -20"><span class='ocrx_word' id='word_1_127' title='bbox 209 2222 447 2300; x_wconf 83' lang='lat' dir='ltr'>experiebatur3</span> <span class='ocrx_word' id='word_1_128' title='bbox 468 2242 541 2282; x_wconf 91' lang='lat' dir='ltr'>nam</span> <span class='ocrx_word' id='word_1_129' title='bbox 557 2223 616 2282; x_wconf 94' lang='lat' dir='ltr'>sub</span> <span class='ocrx_word' id='word_1_130' title='bbox 629 2223 769 2283; x_wconf 86' lang='lat' dir='ltr'>natalem</span> <span class='ocrx_word' id='word_1_131' title='bbox 783 2242 875 2282; x_wconf 94' lang='lat' dir='ltr'>suum</span> <span class='ocrx_word' id='word_1_132' title='bbox 890 2224 1075 2302; x_wconf 89' lang='lat' dir='ltr'>plerumque</span> <span class='ocrx_word' id='word_1_133' title='bbox 1090 2225 1214 2300; x_wconf 88' lang='lat' dir='ltr'>langue-</span> 
     </span>
     <span class='ocr_line' id='line_1_20' title="bbox 209 2327 1213 2408; baseline 0 -21"><span class='ocrx_word' id='word_1_134' title='bbox 209 2327 280 2401; x_wconf 79' lang='lat' dir='ltr'>bat3</span> <span class='ocrx_word' id='word_1_135' title='bbox 302 2333 334 2386; x_wconf 90' lang='lat' dir='ltr'>et</span> <span class='ocrx_word' id='word_1_136' title='bbox 348 2327 441 2386; x_wconf 90' lang='lat' dir='ltr'>initio</span> <span class='ocrx_word' id='word_1_137' title='bbox 452 2327 535 2387; x_wconf 89' lang='lat' dir='ltr'>veris</span> <span class='ocrx_word' id='word_1_138' title='bbox 547 2329 800 2406; x_wconf 89' lang='lat' dir='ltr'>praecordiorum</span> <span class='ocrx_word' id='word_1_139' title='bbox 812 2328 973 2388; x_wconf 89' lang='lat' dir='ltr'>inflatione</span> <span class='ocrx_word' id='word_1_140' title='bbox 989 2329 1213 2408; x_wconf 85' lang='lat' dir='ltr'>temptabatur,</span> 
     </span>
     <span class='ocr_line' id='line_1_21' title="bbox 210 2432 1253 2511; baseline -0.002 -19"><span class='ocrx_word' id='word_1_141' title='bbox 210 2432 361 2492; x_wconf 90' lang='lat' dir='ltr'>austrinis</span> <span class='ocrx_word' id='word_1_142' title='bbox 383 2437 490 2492; x_wconf 88' lang='lat' dir='ltr'>autem</span> <span class='ocrx_word' id='word_1_143' title='bbox 514 2433 757 2511; x_wconf 88' lang='lat' dir='ltr'>tempestatibus</span> <span class='ocrx_word' id='word_1_144' title='bbox 781 2434 959 2509; x_wconf 85' lang='lat' dir='ltr'>gravedine.</span> <span class='ocrx_word' id='word_1_145' title='bbox 1001 2435 1104 2505; x_wconf 79' lang='lat' dir='ltr'>Quare</span> <span class='ocrx_word' id='word_1_146' title='bbox 1126 2446 1253 2510; x_wconf 82' lang='lat' dir='ltr'>quas-20</span> 
     </span>
     <span class='ocr_line' id='line_1_22' title="bbox 211 2538 1192 2616; baseline 0.001 -19"><span class='ocrx_word' id='word_1_147' title='bbox 211 2543 279 2597; x_wconf 86' lang='lat' dir='ltr'>sato</span> <span class='ocrx_word' id='word_1_148' title='bbox 294 2557 422 2616; x_wconf 88' lang='lat' dir='ltr'>corpore</span> <span class='ocrx_word' id='word_1_149' title='bbox 436 2557 537 2614; x_wconf 89' lang='lat' dir='ltr'>neque</span> <span class='ocrx_word' id='word_1_150' title='bbox 552 2538 671 2614; x_wconf 87' lang='lat' dir='ltr'>frigora</span> <span class='ocrx_word' id='word_1_151' title='bbox 684 2557 786 2614; x_wconf 89' lang='lat' dir='ltr'>neque</span> <span class='ocrx_word' id='word_1_152' title='bbox 800 2545 906 2598; x_wconf 87' lang='lat' dir='ltr'>aestus</span> <span class='ocrx_word' id='word_1_153' title='bbox 921 2539 1015 2599; x_wconf 86' lang='lat' dir='ltr'>facile</span> <span class='ocrx_word' id='word_1_154' title='bbox 1030 2539 1192 2599; x_wconf 85' lang='lat' dir='ltr'>tolerabat.</span> 
     </span>
    </p>

    <p class='ocr_par' dir='ltr' id='par_1_16' title="bbox 89 2629 1215 2830">
     <span class='ocr_line' id='line_1_23' title="bbox 89 2629 1215 2721; baseline -0.003 -15"><span class='ocrx_word' id='word_1_155' title='bbox 89 2629 93 2691; x_wconf 65' lang='grc' dir='ltr'><strong>Ῐ</strong></span> <span class='ocrx_word' id='word_1_156' title='bbox 153 2656 189 2708; x_wconf 85' lang='lat'>82</span> <span class='ocrx_word' id='word_1_157' title='bbox 251 2642 366 2702; x_wconf 91' lang='lat' dir='ltr'>Hieme</span> <span class='ocrx_word' id='word_1_158' title='bbox 380 2643 541 2719; x_wconf 88' lang='lat' dir='ltr'>quaternis</span> <span class='ocrx_word' id='word_1_159' title='bbox 560 2662 630 2703; x_wconf 90' lang='lat' dir='ltr'>cum</span> <span class='ocrx_word' id='word_1_160' title='bbox 649 2643 761 2721; x_wconf 89' lang='lat' dir='ltr'>pingui</span> <span class='ocrx_word' id='word_1_161' title='bbox 779 2648 852 2719; x_wconf 87' lang='lat' dir='ltr'>toga</span> <span class='ocrx_word' id='word_1_162' title='bbox 873 2644 988 2703; x_wconf 90' lang='lat' dir='ltr'>tunicis</span> <span class='ocrx_word' id='word_1_163' title='bbox 1011 2649 1043 2703; x_wconf 89' lang='lat' dir='ltr'>et</span> <span class='ocrx_word' id='word_1_164' title='bbox 1065 2644 1215 2704; x_wconf 87' lang='lat' dir='ltr'>subucula</span> 
     </span>
     <span class='ocr_line' id='line_1_24' title="bbox 211 2747 1214 2830; baseline 0.001 -23"><span class='ocrx_word' id='word_1_165' title='bbox 211 2752 243 2807; x_wconf 93' lang='lat' dir='ltr'>et</span> <span class='ocrx_word' id='word_1_166' title='bbox 258 2747 384 2830; x_wconf 84' lang='lat' dir='ltr'>thorace</span> <span class='ocrx_word' id='word_1_167' title='bbox 399 2748 488 2807; x_wconf 90' lang='lat' dir='ltr'>laneo</span> <span class='ocrx_word' id='word_1_168' title='bbox 503 2754 535 2807; x_wconf 90' lang='lat' dir='ltr'>et</span> <span class='ocrx_word' id='word_1_169' title='bbox 549 2748 752 2808; x_wconf 86' lang='lat' dir='ltr'>feminalibus</span> <span class='ocrx_word' id='word_1_170' title='bbox 772 2754 804 2808; x_wconf 96' lang='lat' dir='ltr'>et</span> <span class='ocrx_word' id='word_1_171' title='bbox 823 2747 986 2808; x_wconf 88' lang='lat' dir='ltr'>tibialibus</span> <span class='ocrx_word' id='word_1_172' title='bbox 1006 2749 1214 2823; x_wconf 86' lang='lat' dir='ltr'>muniebatur,</span> 
     </span>
    </p>

    <p class='ocr_par' dir='ltr' id='par_1_17' title="bbox 53 2853 1287 3458">
     <span class='ocr_line' id='line_1_25' title="bbox 53 2853 1216 2932; baseline 0 -20"><span class='ocrx_word' id='word_1_173' title='bbox 53 2875 56 2884; x_wconf 92' lang='grc'><strong><em>·</em></strong></span> <span class='ocrx_word' id='word_1_174' title='bbox 115 2881 120 2887; x_wconf 86' lang='lat'>·</span> <span class='ocrx_word' id='word_1_175' title='bbox 211 2858 331 2913; x_wconf 87' lang='lat' dir='ltr'>aestate</span> <span class='ocrx_word' id='word_1_176' title='bbox 345 2853 464 2931; x_wconf 89' lang='lat' dir='ltr'>apertis</span> <span class='ocrx_word' id='word_1_177' title='bbox 481 2853 616 2913; x_wconf 89' lang='lat' dir='ltr'>cubiculi</span> <span class='ocrx_word' id='word_1_178' title='bbox 631 2853 752 2913; x_wconf 91' lang='lat' dir='ltr'>foribus</span> <span class='ocrx_word' id='word_1_179' title='bbox 767 2873 803 2913; x_wconf 92' lang='lat' dir='ltr'>ac</span> <span class='ocrx_word' id='word_1_180' title='bbox 819 2873 912 2932; x_wconf 87' lang='lat' dir='ltr'>saepe</span> <span class='ocrx_word' id='word_1_181' title='bbox 926 2854 960 2912; x_wconf 92' lang='lat' dir='ltr'>in</span> <span class='ocrx_word' id='word_1_182' title='bbox 977 2853 1132 2932; x_wconf 90' lang='lat' dir='ltr'>peristylo</span> <span class='ocrx_word' id='word_1_183' title='bbox 1146 2854 1216 2913; x_wconf 91' lang='lat' dir='ltr'>sali-</span> 
     </span>
     <span class='ocr_line' id='line_1_26' title="bbox 212 2957 1255 3036; baseline 0.002 -19"><span class='ocrx_word' id='word_1_184' title='bbox 212 2962 284 3017; x_wconf 89' lang='lat' dir='ltr'>ente</span> <span class='ocrx_word' id='word_1_185' title='bbox 302 2977 384 3034; x_wconf 87' lang='lat' dir='ltr'>aqua</span> <span class='ocrx_word' id='word_1_186' title='bbox 401 2964 497 3035; x_wconf 89' lang='lat' dir='ltr'>atque</span> <span class='ocrx_word' id='word_1_187' title='bbox 516 2957 612 3017; x_wconf 89' lang='lat' dir='ltr'>etiam</span> <span class='ocrx_word' id='word_1_188' title='bbox 626 2959 801 3018; x_wconf 90' lang='lat' dir='ltr'>ventilante</span> <span class='ocrx_word' id='word_1_189' title='bbox 820 2958 927 3036; x_wconf 89' lang='lat' dir='ltr'>aliquo</span> <span class='ocrx_word' id='word_1_190' title='bbox 948 2959 1090 3019; x_wconf 87' lang='lat' dir='ltr'>cubabat.</span> <span class='ocrx_word' id='word_1_191' title='bbox 1134 2959 1215 3018; x_wconf 84' lang='lat' dir='ltr'>Solis</span> <span class='ocrx_word' id='word_1_192' title='bbox 1225 2974 1255 3019; x_wconf 79' lang='lat' dir='ltr'>st</span> 
     </span>
     <span class='ocr_line' id='line_1_27' title="bbox 212 3063 1217 3142; baseline 0 -20"><span class='ocrx_word' id='word_1_193' title='bbox 212 3081 346 3122; x_wconf 89' lang='lat' dir='ltr'>verone</span> <span class='ocrx_word' id='word_1_194' title='bbox 367 3063 491 3124; x_wconf 88' lang='lat' dir='ltr'>hiberni</span> <span class='ocrx_word' id='word_1_195' title='bbox 512 3063 641 3140; x_wconf 91' lang='lat' dir='ltr'>quidem</span> <span class='ocrx_word' id='word_1_196' title='bbox 662 3063 797 3142; x_wconf 90' lang='lat' dir='ltr'>patiens,</span> <span class='ocrx_word' id='word_1_197' title='bbox 818 3065 904 3124; x_wconf 91' lang='lat' dir='ltr'>domi</span> <span class='ocrx_word' id='word_1_198' title='bbox 926 3083 1050 3141; x_wconf 91' lang='lat' dir='ltr'>quoque</span> <span class='ocrx_word' id='word_1_199' title='bbox 1070 3084 1133 3124; x_wconf 91' lang='lat' dir='ltr'>non</span> <span class='ocrx_word' id='word_1_200' title='bbox 1154 3064 1217 3123; x_wconf 89' lang='lat' dir='ltr'>nisi</span> 
     </span>
     <span class='ocr_line' id='line_1_28' title="bbox 213 3168 1218 3246; baseline 0.001 -18"><span class='ocrx_word' id='word_1_201' title='bbox 213 3173 374 3246; x_wconf 89' lang='lat' dir='ltr'>petasatus</span> <span class='ocrx_word' id='word_1_202' title='bbox 390 3168 535 3228; x_wconf 89' lang='lat' dir='ltr'>subdivo</span> <span class='ocrx_word' id='word_1_203' title='bbox 555 3169 760 3246; x_wconf 88' lang='lat' dir='ltr'>spatiabatur.</span> <span class='ocrx_word' id='word_1_204' title='bbox 803 3168 925 3230; x_wconf 90' lang='lat' dir='ltr'>Itinera</span> <span class='ocrx_word' id='word_1_205' title='bbox 941 3169 1054 3229; x_wconf 87' lang='lat' dir='ltr'>lectica</span> <span class='ocrx_word' id='word_1_206' title='bbox 1071 3174 1103 3229; x_wconf 89' lang='lat' dir='ltr'>et</span> <span class='ocrx_word' id='word_1_207' title='bbox 1122 3169 1218 3229; x_wconf 91' lang='lat' dir='ltr'>nocti-</span> 
     </span>
     <span class='ocr_line' id='line_1_29' title="bbox 209 3273 1287 3350; baseline -0.003 -18"><span class='ocrx_word' id='word_1_208' title='bbox 209 3273 271 3333; x_wconf 93' lang='lat' dir='ltr'>·bus</span> <span class='ocrx_word' id='word_1_209' title='bbox 287 3274 353 3333; x_wconf 90' lang='lat' dir='ltr'>fere</span> <span class='ocrx_word' id='word_1_210' title='bbox 367 3292 465 3350; x_wconf 86' lang='lat' dir='ltr'>eaque</span> <span class='ocrx_word' id='word_1_211' title='bbox 479 3273 566 3333; x_wconf 91' lang='lat' dir='ltr'>lenta</span> <span class='ocrx_word' id='word_1_212' title='bbox 580 3293 616 3333; x_wconf 92' lang='lat' dir='ltr'>ac</span> <span class='ocrx_word' id='word_1_213' title='bbox 631 3273 753 3333; x_wconf 89' lang='lat' dir='ltr'>minuta</span> <span class='ocrx_word' id='word_1_214' title='bbox 767 3273 914 3349; x_wconf 87' lang='lat' dir='ltr'>faciebat,</span> <span class='ocrx_word' id='word_1_215' title='bbox 928 3281 965 3334; x_wconf 89' lang='lat' dir='ltr'>ut</span> <span class='ocrx_word' id='word_1_216' title='bbox 981 3275 1152 3334; x_wconf 88' lang='lat' dir='ltr'>Praeneste</span> <span class='ocrx_word' id='word_1_217' title='bbox 1167 3275 1218 3335; x_wconf 88' lang='lat' dir='ltr'>vel</span> <span class='ocrx_word' id='word_1_218' title='bbox 1272 3295 1287 3329; x_wconf 69' lang='grc' dir='ltr'><em>ι</em></span> 
     </span>
     <span class='ocr_line' id='line_1_30' title="bbox 215 3378 1218 3458; baseline 0.002 -20"><span class='ocrx_word' id='word_1_219' title='bbox 215 3379 313 3438; x_wconf 86' lang='lat' dir='ltr'>Tibur</span> <span class='ocrx_word' id='word_1_220' title='bbox 326 3378 422 3438; x_wconf 92' lang='lat' dir='ltr'>biduo</span> <span class='ocrx_word' id='word_1_221' title='bbox 437 3380 637 3457; x_wconf 87' lang='lat' dir='ltr'>procederet;</span> <span class='ocrx_word' id='word_1_222' title='bbox 659 3398 695 3439; x_wconf 92' lang='lat' dir='ltr'>ac</span> <span class='ocrx_word' id='word_1_223' title='bbox 710 3379 737 3438; x_wconf 93' lang='lat' dir='ltr'>si</span> <span class='ocrx_word' id='word_1_224' title='bbox 753 3398 814 3456; x_wconf 92' lang='lat' dir='ltr'>quo</span> <span class='ocrx_word' id='word_1_225' title='bbox 829 3380 993 3457; x_wconf 88' lang='lat' dir='ltr'>pervenire</span> <span class='ocrx_word' id='word_1_226' title='bbox 1008 3380 1087 3440; x_wconf 90' lang='lat' dir='ltr'>mari</span> <span class='ocrx_word' id='word_1_227' title='bbox 1101 3386 1218 3458; x_wconf 89' lang='lat' dir='ltr'>posset,</span> 
     </span>
    </p>

    <p class='ocr_par' dir='ltr' id='par_1_18' title="bbox 190 3484 1258 3773">
     <span class='ocr_line' id='line_1_31' title="bbox 190 3484 1258 3562; baseline -0.001 -17"><span class='ocrx_word' id='word_1_228' title='bbox 190 3484 320 3562; x_wconf 78' lang='lat' dir='ltr'>apotius</span> <span class='ocrx_word' id='word_1_229' title='bbox 345 3484 522 3560; x_wconf 85' lang='lat' dir='ltr'>navigabat.</span> <span class='ocrx_word' id='word_1_230' title='bbox 573 3486 692 3545; x_wconf 89' lang='lat' dir='ltr'>Verum</span> <span class='ocrx_word' id='word_1_231' title='bbox 717 3490 839 3545; x_wconf 89' lang='lat' dir='ltr'>tantam</span> <span class='ocrx_word' id='word_1_232' title='bbox 863 3485 1081 3545; x_wconf 89' lang='lat' dir='ltr'>infirmitatem</span> <span class='ocrx_word' id='word_1_233' title='bbox 1106 3499 1258 3562; x_wconf 70' lang='lat' dir='ltr'>magnaeo</span> 
     </span>
     <span class='ocr_line' id='line_1_32' title="bbox 216 3589 1220 3666; baseline -0.001 -17"><span class='ocrx_word' id='word_1_234' title='bbox 216 3608 290 3649; x_wconf 90' lang='lat' dir='ltr'>cura</span> <span class='ocrx_word' id='word_1_235' title='bbox 314 3589 470 3664; x_wconf 88' lang='lat' dir='ltr'>tuebatur,</span> <span class='ocrx_word' id='word_1_236' title='bbox 497 3589 530 3647; x_wconf 93' lang='lat' dir='ltr'>in</span> <span class='ocrx_word' id='word_1_237' title='bbox 555 3590 666 3666; x_wconf 89' lang='lat' dir='ltr'>primis</span> <span class='ocrx_word' id='word_1_238' title='bbox 692 3590 820 3649; x_wconf 89' lang='lat' dir='ltr'>lavandi</span> <span class='ocrx_word' id='word_1_239' title='bbox 844 3590 990 3665; x_wconf 68' lang='lat' dir='ltr'>raritate,</span> <span class='ocrx_word' id='word_1_240' title='bbox 1022 3591 1220 3666; x_wconf 86' lang='lat' dir='ltr'>unguebatur</span> 
     </span>
     <span class='ocr_line' id='line_1_33' title="bbox 216 3693 1221 3773; baseline 0.002 -19"><span class='ocrx_word' id='word_1_241' title='bbox 216 3694 299 3754; x_wconf 88' lang='lat' dir='ltr'>enim</span> <span class='ocrx_word' id='word_1_242' title='bbox 315 3693 440 3772; x_wconf 85' lang='lat' dir='ltr'>saepius</span> <span class='ocrx_word' id='word_1_243' title='bbox 460 3699 515 3754; x_wconf 87' lang='lat' dir='ltr'>aut</span> <span class='ocrx_word' id='word_1_244' title='bbox 538 3695 671 3754; x_wconf 90' lang='lat' dir='ltr'>sudabat</span> <span class='ocrx_word' id='word_1_245' title='bbox 689 3695 728 3754; x_wconf 89' lang='lat' dir='ltr'>ad</span> <span class='ocrx_word' id='word_1_246' title='bbox 744 3694 911 3770; x_wconf 89' lang='lat' dir='ltr'>flammam,</span> <span class='ocrx_word' id='word_1_247' title='bbox 927 3695 1040 3755; x_wconf 89' lang='lat' dir='ltr'>deinde</span> <span class='ocrx_word' id='word_1_248' title='bbox 1055 3696 1221 3773; x_wconf 87' lang='lat' dir='ltr'>perfunde-</span> 
     </span>
    </p>
   </div>
   <div class='ocr_carea' id='block_1_3' title="bbox 0 0 1421 4140">
    <p class='ocr_par' dir='ltr' id='par_1_19' title="bbox 0 0 1421 4140">
     <span class='ocr_line' id='line_1_34' title="bbox 0 0 1421 4140; baseline 0 0"><span class='ocrx_word' id='word_1_249' title='bbox 0 0 1421 4140; x_wconf 95' lang='lat' dir='ltr'> </span> 
     </span>
    </p>
   </div>
  </div>
 </body>
</html>
