2812 4140
453 292 564 342 niara
588 292 625 341 11.
661 290 773 341 mvus
797 282 987 342 AUGUSTUS
1181 277 1221 342 ol

162 467 195 516 35
261 466 446 523 Senatorum
467 463 646 522 affluentem
666 481 832 521 numerum
853 463 988 522 deformi
1009 469 1041 522 et
1062 456 1223 522 incondita

138 603 140 606 <
220 570 460 628 turba-erant
479 568 563 627 enim
584 587 677 645 super
695 567 791 642 mille,
807 574 839 627 et
860 568 988 645 quidam
1009 567 1221 644 indignissimi

220 681 253 734 et
267 680 339 752 post
352 694 460 733 necem
476 673 618 733 Caesaris
634 693 689 751 per
704 673 838 749 gratiam
852 678 885 733 et
904 673 1078 751 praemium
1096 673 1221 748 adlecti,

219 799 297 857 quos
319 779 448 839 Orcivos
470 779 582 855 vulgus
605 778 829 839 vocabat—ad
852 779 978 838 modum
1000 779 1170 856 pristinum
1190 784 1223 838 et

221 885 419 962 splendorem
442 885 564 961 redegit
584 884 704 944 duabus
726 884 930 966 lectionibus:
959 885 1061 962 prima
1083 885 1245 962 ipsorums

219 991 384 1065 arbitrata,
400 1010 462 1066 quo
476 991 525 1050 vir
540 991 643 1048 virum
657 990 744 1065 legit,
760 981 896 1050 secunda
917 1010 972 1049 suo
991 995 1024 1048 et
1045 990 1221 1067 Agrippae3

219 1115 282 1173 quo
296 1101 437 1172 tempore
452 1096 651 1154 existimatur
667 1095 764 1154 lorica
782 1095 841 1154 sub
859 1101 947 1154 veste
968 1094 1107 1153 munitus
1128 1094 1223 1153 ferro

220 1220 280 1278 que
309 1201 429 1259 cinctus
458 1201 652 1278 praesedisse
681 1201 788 1259 decem
816 1200 1040 1260 valentissimis
1073 1199 1220 1259 senatorii

196 1306 338 1365 rordinis
367 1305 475 1365 amicis
505 1306 614 1365 sellam
632 1324 732 1364 suam
764 1305 1048 1364 circumstantibus.
1101 1305 1221 1364 Cordus

220 1410 398 1470 Cremutius
417 1410 527 1469 scribit
545 1429 584 1469 ne
605 1410 777 1469 admissum
797 1410 924 1487 quidem
944 1415 1019 1469 tunc
1033 1428 1222 1487 quemquam
1232 1414 1260 1468 10
1277 1448 1280 1453 ·

221 1522 399 1575 senatorum
419 1515 483 1574 nisi
504 1516 604 1574 solum
629 1521 661 1574 et
685 1511 917 1593 praetemptato
943 1515 1022 1574 sinn.
1064 1515 1222 1584 Quosdam

219 1622 258 1681 ad
274 1621 444 1680 excusandi
459 1640 492 1680 se
507 1621 727 1680 verecundiam
742 1620 894 1697 compulit
912 1620 1111 1696 servavitque
1126 1620 1221 1679 etiam

219 1727 440 1786 excusantibus
470 1726 593 1802 insigne
621 1726 719 1785 vestis
749 1731 781 1787 et
809 1725 973 1803 spectandi
1001 1725 1035 1784 in
1062 1725 1222 1784 orchestra

107 1889 111 1896 ,
195 1831 431 1908 sepulandique
453 1831 578 1908 publice
602 1831 660 1890 ius.
704 1832 771 1900 Quo
798 1836 904 1891 autem
932 1831 1007 1890 lecti
1035 1830 1221 1908 probatique

219 1942 251 1996 et
271 1935 448 2012 religiosius
471 1942 502 1995 et
524 1936 642 1995 minore
662 1937 807 1996 molestia
826 1937 982 1997 senatoria
1003 1955 1133 1996 munera
1153 1936 1259 1994 fun-15

218 2046 374 2118 gerentur,
395 2041 500 2101 sanxit
521 2047 558 2100 ut
578 2041 666 2118 prius
686 2061 780 2117 quam
800 2041 976 2101 consideret
996 2030 1221 2133 quisque'ture

218 2166 254 2207 ac
273 2165 358 2207 mero
376 2146 568 2223 supplicaret
584 2147 668 2223 apud
685 2165 771 2206 aram
789 2146 856 2205 eius
873 2147 924 2207 dei
942 2147 975 2204 in
996 2147 1084 2206 cuius
1102 2147 1221 2224 templo

219 2252 363 2326 coiretur,
378 2256 410 2310 et
424 2270 464 2310 ne
478 2251 550 2328 plus
570 2270 665 2327 quam
678 2250 727 2309 bis
742 2251 776 2309 in
792 2269 898 2310 mense
915 2251 1075 2326 legitimus
1094 2257 1219 2311 senatus

217 2362 371 2433 ageretur,
386 2357 541 2416 Kalendis
564 2362 596 2415 et
617 2356 737 2431 Idibus,
752 2374 831 2415 neve
853 2356 1031 2433 Septembri
1053 2357 1220 2417 Octobrive

219 2480 324 2521 mense
339 2461 419 2520 ullos
434 2462 543 2521 adesse
557 2461 635 2520 alios
650 2480 776 2521 necesse
790 2467 874 2521 esset
891 2482 985 2539 quam
1001 2467 1084 2521 sorte
1098 2462 1219 2538 ductos,
1229 2474 1259 2522 ao
1359 2533 1360 2536 Ἴ
1375 2505 1394 2523 r.

218 2586 274 2644 per
299 2585 431 2643 quorum
455 2585 618 2625 numerum
645 2567 770 2626 decreta
792 2566 901 2626 confici
923 2554 1069 2644 possent,
1098 2567 1219 2643 sibique
1261 2604 1265 2614 ι
1347 2547 1350 2551 ⁷

218 2671 360 2731 instituit
375 2671 505 2731 consilia
519 2672 625 2756 sortiri
644 2672 838 2747 semenstris,
854 2691 924 2731 cum
943 2671 1056 2749 quibus
1074 2673 1113 2731 de
1130 2680 1220 2748 neg'o'·

219 2778 272 2837 tiis
297 2777 338 2836 ad
363 2778 561 2855 frequentem
589 2783 732 2837 senatum
757 2776 930 2836 referendis
958 2783 1032 2837 ante
1059 2782 1217 2837 tractaret.

194 2883 398 2943 4Sententias
413 2883 452 2941 de
467 2882 583 2941 maiore
597 2883 723 2958 negotio
741 2902 804 2941 non
820 2902 904 2942 more
925 2888 1020 2959 atque
1037 2883 1145 2942 ordine
1165 2871 1219 2941 sed

218 2992 313 3064 prout
334 2986 479 3045 libuisset
500 2987 695 3064 perrogabat,
717 2993 754 3046 ut
774 2988 904 3064 perinde
927 2987 1059 3064 quisque
1080 2978 1258 3048 animurrllt'

219 3092 396 3152 intenderet
417 3110 453 3150 ac
475 3091 502 3150 si
517 3092 706 3151 censendum
734 3093 833 3168 magis
861 3112 955 3170 quam
980 3093 1220 3152 adsentiendum

218 3202 311 3258 esset.
1177 3195 1196 3210 ”

160 3311 195 3361 36
258 3302 378 3362 Auctor
392 3307 425 3362 et
439 3302 572 3362 aliarum
587 3323 691 3362 rerum
706 3303 827 3379 fuit,in
841 3305 929 3381 quis:
951 3323 991 3363 ne
1007 3310 1079 3364 acta
1093 3292 1219 3364 senatus

218 3407 462 3484 publicarentur,
477 3427 516 3467 ne
535 3408 737 3484 magistratus
757 3408 900 3486 deposito
919 3409 1034 3468 honore
1057 3397 1166 3469 statim
1187 3409 1220 3467 iri

218 3513 395 3590 provincias
424 3513 635 3587 mitterentur,
660 3520 696 3573 ut
724 3514 960 3591 proconsulibus
990 3515 1030 3573 ad
1059 3503 1159 3574 mulos
1188 3514 1260 3575 etat

218 3617 426 3692 tabernacula,
447 3637 526 3695 quae
548 3618 672 3695 publice
694 3619 789 3679 locari
810 3618 960 3694 solebant,
984 3624 1068 3678 certa
1088 3620 1220 3696 pecunia

219 3721 471 3798 constitueretur,
496 3728 533 3781 ut
561 3742 635 3782 cura
659 3723 766 3795 [aerari
798 3742 817 3782 a
844 3723 1062 3800 quaestoribus
1091 3724 1219 3784 urbanis
