2812 4140
188 231 230 303 74
270 242 300 297 0.
326 243 482 297 surrom
504 243 732 307 russonum
754 246 804 294 ns
828 243 919 295 vrrs
942 244 1144 296 csnssuuu

187 417 365 494 libellisque
387 417 527 493 legendis
548 423 603 476 aut
624 416 830 475 rescribendis
852 422 986 490 vacaret,
1006 435 1061 475 seu
1082 416 1187 476 studio

187 523 350 600 spectandi
364 541 401 582 ac
415 522 587 599 voluptate,
602 541 664 598 qua
681 521 781 580 teneri
802 540 834 579 se
852 540 953 598 neque
974 520 1187 580 dissimulavit

186 647 336 705 umquam
356 633 388 686 et
409 645 502 704 saepe
523 626 656 702 ingenue
678 626 839 703 professus
862 632 918 685 est.
961 627 1073 702 Itaque
1093 626 1210 684 corni-2

186 733 265 793 laria
286 738 318 792 et
338 731 477 810 praemia
499 731 532 789 111
556 731 667 791 alienis
692 749 815 808 quoque
838 731 1018 790 muneribus
1042 750 1078 791 ac
1102 731 1185 790 ludis

161 844 218 900 oet
242 838 350 898 crebra
373 843 406 896 et
429 837 559 913 grandia
581 837 620 896 de
645 856 700 895 suo
725 836 876 896 offerebat
902 837 1044 913 nullique
1067 836 1185 896 Graeco

187 943 350 1004 certamini
377 942 524 1002 interfuit
551 962 614 1019 quo
637 961 700 1001 non
722 961 779 1018 pro
803 942 916 1001 merito
943 961 1097 1019 quemque
1125 961 1186 1000 cer-

186 1049 322 1109 tantium
336 1048 505 1107 honorarit.
549 1047 710 1124 Spectavit
730 1053 836 1106 autem
857 1047 1085 1107 studiosissime
1100 1048 1186 1124 pugi-

187 1155 232 1214 les
253 1160 285 1214 et
307 1154 442 1213 maxime
467 1153 606 1227 Latinos,
628 1171 691 1211 non
713 1152 869 1228 legitimos
893 1158 988 1229 atque
1013 1152 1184 1211 ordinarios
1239 1195 1243 1203 .

187 1260 287 1335 modo,
306 1278 384 1336 quos
406 1258 501 1318 etiam
523 1257 716 1317 committere
739 1277 809 1316 cum
831 1258 958 1317 Graecis
980 1257 1109 1332 solebat,
1131 1258 1185 1316 sed

148 1371 218 1425 1001
243 1363 431 1427 cateruarios
456 1362 629 1440 oppidanos
654 1363 736 1422 inter
759 1363 921 1439 angustias
948 1362 1089 1421 vicorum
1112 1382 1187 1440 pug-

185 1470 291 1531 nantis
312 1474 429 1529 temere
449 1488 486 1529 10
507 1469 574 1528 sine
595 1473 671 1528 arte.
714 1468 907 1529 Universum
929 1468 1063 1544 denique
1088 1483 1210 1544 genus3

186 1595 296 1652 operas
323 1575 445 1652 aliquas
475 1574 600 1651 publico
635 1573 813 1650 spectaculo
841 1573 1059 1650 praebentium
1090 1574 1185 1633 etiam

187 1699 260 1740 cura
277 1700 333 1742 sua
350 1680 498 1755 dignatus
518 1685 583 1738 est:
606 1679 735 1739 athletis
755 1685 787 1738 01
807 1680 1004 1739 conservavit
1020 1679 1187 1757 privilegia

187 1791 219 1844 et
245 1785 419 1862 ampliavit,
447 1785 635 1860 gladiatores
664 1785 731 1844 sine
761 1784 907 1844 missione
937 1785 987 1844 edi
1015 1785 1184 1863 prohibuit,

148 1903 178 1949 lo
188 1890 405 1950 coercitionem
429 1889 462 1948 in
482 1890 652 1949 histriones
674 1890 908 1966 magistratibus
933 1890 1018 1949 omni
1046 1896 1186 1966 tempore

187 2001 219 2054 01
232 1995 299 2054 1000
314 1995 382 2071 lege
399 2000 505 2055 vetere
524 1994 710 2074 permissam
730 1996 849 2055 ademit
865 2000 1084 2072 praeterquam
1103 1995 1185 2053 ludis

186 2105 220 2160 et
240 2119 359 2160 scaena.
401 2103 468 2160 Nec
488 2106 594 2160 tamen
616 2119 652 2160 eo
673 2101 776 2159 minus
797 2107 852 2160 aut
876 2100 1070 2177 xysticorum
1092 2106 1210 2159 certa4

187 2206 288 2266 tiones
309 2211 364 2265 aut
384 2205 593 2281 gladiatorum
614 2225 734 2283 pugnas
757 2206 953 2265 severissime
976 2225 1098 2282 semper
1120 2224 1187 2264 exe-

187 2313 245 2389 git.
298 2312 381 2371 Nam
413 2312 601 2371 histrionum
631 2313 791 2371 licentiam
821 2313 899 2371 adeo
928 2312 1120 2393 compescuit
1151 2318 1186 2371 ut

148 2417 431 2495 msrephanionem
452 2417 650 2492 togatarium,
668 2417 718 2475 cui
739 2417 772 2475 in
794 2417 947 2494 puerilem
968 2417 1110 2477 habitum
1131 2417 1187 2475 cir-

187 2529 381 2584 cumtonsam
403 2528 577 2582 matronam
598 2521 793 2581 ministrasse
814 2528 1014 2600 compererat,
1030 2542 1086 2600 per
1103 2523 1186 2581 trina

187 2629 310 2689 theatra
333 2627 433 2703 virgis
456 2646 580 2687 caesum
601 2627 795 2702 relegaverit,
818 2628 927 2704 Hylan
948 2627 1185 2705 pantomimum,

187 2739 336 2811 querente
358 2738 510 2810 praetore,
531 2731 565 2790 in
585 2731 666 2791 atrio
687 2732 797 2791 domus
820 2751 892 2791 suae
915 2732 1039 2791 nemine
1059 2732 1186 2792 excluso

186 2837 319 2914 flagellis
343 2837 516 2897 verberarit
541 2843 573 2896 01
593 2837 736 2914 Pyladen
766 2837 842 2896 urbe
866 2843 960 2913 atque
988 2837 1083 2896 Italia
1108 2856 1188 2895 sum-

148 2945 330 3019 aimoverit,
353 2943 436 3021 quod
461 2947 678 3020 spectatorem,
699 2961 719 3002 a
739 2962 801 3019 qno
825 2941 1042 3018 exibilabatur,
1064 2943 1188 3000 demon-

188 3053 319 3108 strasset
332 3048 432 3124 digito
446 3049 710 3126 conspicuumque
725 3049 860 3108 fecisset.

228 3154 279 3213 Ad
293 3154 376 3213 hunc
390 3154 518 3212 modum
533 3153 610 3214 urbe
630 3153 818 3230 urbanisque
839 3153 931 3213 rebus
948 3153 1186 3227 administratis,
1209 3170 1246 3220 46

188 3259 316 3318 Italiam
344 3259 579 3334 duodetriginta
608 3259 798 3318 coloniarum
826 3278 955 3318 numero
983 3259 1187 3318 deductarum

187 3384 206 3425 a
231 3382 264 3423 se
288 3364 503 3441 frequentavit
527 3364 734 3442 operibusque
758 3384 794 3424 10
817 3364 1023 3441 vectigalibus
1052 3364 1187 3442 publicis

114 3456 119 3469 ’
148 3469 387 3550 300111111111111
421 3469 582 3544 iustruxit,
612 3469 707 3529 etiam
738 3469 805 3528 iure
832 3489 868 3528 10
902 3470 1082 3546 dignatione
1117 3469 1187 3528 urbi

187 3576 324 3653 quodam
348 3575 439 3633 modo
463 3593 520 3651 pro
548 3580 636 3651 parte
661 3574 767 3651 aliqua
790 3575 987 3652 adaequavit,
1012 3575 1188 3651 excogitato

187 3699 300 3758 genere
322 3679 551 3754 suffragiorum,
573 3697 652 3755 quae
676 3679 715 3738 de
738 3679 973 3755 magistratibus
998 3681 1114 3740 urbicis
1139 3681 1189 3740 de-
