2812 4140
199 229 240 301 50
282 240 311 292 c.
338 238 494 293 sunrour
516 240 744 302 runuoumm
767 241 816 291 11
841 241 931 291 vrrs
954 241 1155 292 cnssssuu

199 414 313 473 studiis
324 413 457 473 vacavit.
493 414 602 489 thue
613 413 751 490 primum
762 413 897 472 occisum
909 433 979 473 eum
990 414 1198 492 heredemque

199 538 232 578 se
247 518 408 596 comperit,
422 519 477 577 diu
492 524 656 579 cunctatus
670 538 711 578 an
730 519 888 596 proximas
904 519 1040 594 legiones
1056 519 1200 597 implora

199 630 256 699 ret,
271 624 304 682 id
318 623 446 701 quidem
461 624 626 683 consilium
639 630 676 683 ut
694 642 842 701 praeceps
858 624 1111 701 inmaturumque
1126 625 1200 684 omi·

199 729 249 789 sit.
292 729 439 789 Ceterum
467 728 542 788 urbe
560 729 696 806 repetita
708 729 917 788 hereditatem
930 729 1019 803 adiit,
1035 730 1199 789 dubitante

175 840 308 908 omatre,
330 833 443 894 vitrico
464 814 539 893 vero
566 834 686 894 Marcio
707 833 858 911 Philippo
880 834 1036 894 consulari
1064 835 1199 894 multum

198 939 408 998 dissuadente.
451 938 557 1015 Atque
570 939 611 999 ab
625 958 660 998 eo
674 944 815 1016 tempore
834 939 1023 999 exercitibus
1045 955 1223 1018 comparas

198 1045 250 1120 tis,
271 1045 408 1122 primum
430 1063 500 1103 cum
517 1047 560 1103 M.
577 1045 715 1104 Antonio
732 1046 839 1121 M.que
856 1045 985 1122 Lepido,
1001 1045 1114 1105 deinde
1135 1051 1200 1104 tan-

198 1157 267 1210 tum
288 1170 358 1209 cum
382 1146 522 1209 Antonio
550 1168 606 1226 per
626 1149 790 1208 duodecim
813 1150 879 1208 fere
899 1169 1007 1226 annos,
1029 1150 1199 1209 novissime

199 1275 255 1333 per
269 1248 418 1331 quattuor
432 1260 464 1314 et
479 1255 687 1330 quadraginta
701 1254 785 1313 solus
801 1274 866 1313 rem
881 1274 910 1332 p.
927 1255 1037 1314 tenuit.

160 1371 189 1416 10
238 1360 406 1437 Proposita
427 1359 511 1418 vitae
532 1358 599 1418 eius
622 1360 709 1418 velut
731 1377 861 1434 summa,
885 1365 991 1436 partes
1014 1360 1200 1436 singillatim
1224 1364 1242 1412 9

197 1483 298 1541 neque
312 1483 369 1542 per
383 1469 525 1541 tempora
539 1464 594 1523 sed
611 1483 667 1541 per
686 1443 805 1541 species
827 1483 972 1540 exequar,
991 1485 1053 1541 quo
1074 1466 1201 1524 distine

198 1569 261 1629 tius
276 1569 484 1629 demonstrari
499 1568 703 1644 cognoscique
717 1569 848 1646 possint.

239 1674 329 1734 Bella
350 1674 456 1733 civilia
475 1674 614 1750 quinque
635 1674 750 1749 gessit:
773 1675 963 1750 Mutinense,
984 1675 1199 1755 Philippense,

198 1780 395 1855 Perusinum,
419 1779 566 1853 Siculum,
596 1779 779 1853 Actiacum3
814 1800 830 1838 e
858 1781 972 1857 quibus
1000 1782 1137 1858 primum
1164 1801 1200 1842 ac

159 1897 189 1942 11
197 1884 405 1944 novissimum
419 1885 569 1944 adversus
591 1885 635 1942 M.
659 1885 842 1958 Antonium,
858 1885 1029 1944 secundum
1049 1888 1199 1946 adversus

199 1991 333 2049 Brutum
354 1994 387 2048 et
407 1989 560 2063 Cassium,
575 1989 705 2048 tertium
726 1990 875 2048 adversus
898 1991 933 2049 L.
957 1991 1130 2051 Antonium
1148 1992 1201 2050 tri-

197 2094 314 2155 umviri
328 2095 469 2167 fratrem,
479 2099 627 2169 quartum
640 2095 789 2153 adversus
802 2095 932 2154 Sextum
946 2096 1132 2173 Pompeium
1143 2096 1198 2157 Cn.

198 2201 307 2260 filium.

239 2304 387 2365 Omnium
407 2304 561 2364 bellorum
583 2304 710 2364 initium
731 2312 763 2364 et
791 2324 915 2365 causam
943 2306 1016 2365 hinc
1044 2308 1198 2385 sumpsit:
1224 2321 1259 2372 10

37 2428 40 2435 ·
159 2409 279 2470 anihil
307 2409 542 2470 convenientius
558 2409 675 2468 ducens
697 2429 791 2486 quam
812 2430 919 2469 necem
940 2412 1087 2470 avunculi
1101 2412 1201 2470 vindi·

198 2534 268 2576 care
290 2514 433 2592 tuerique
454 2520 533 2589 acta,
556 2515 722 2574 confestim
743 2521 780 2574 ut
802 2516 971 2592 Apollonia
998 2517 1101 2592 rediit,
1125 2519 1200 2576 Bru-

198 2626 267 2680 tum
289 2620 493 2697 Cassiumque
515 2625 548 2679 et
575 2619 607 2695 vi
634 2620 851 2697 necopinantis
879 2626 920 2694 et,
935 2621 1010 2697 quia
1038 2621 1199 2699 provisum

198 2725 373 2803 periculum
388 2724 652 2800 subterfugerant,
668 2724 788 2799 legibus
803 2725 932 2801 adgredi
950 2745 1080 2802 reosque
1095 2727 1198 2786 caedis

198 2830 337 2891 absentis
352 2830 475 2889 deferre
491 2829 612 2890 statuit.
655 2830 760 2888 Ludos
774 2837 881 2890 autern
896 2831 1045 2891 victoriae
1057 2832 1198 2892 Caesaris

159 2950 261 2996 acuon
280 2934 468 2995 audentibus
490 2935 593 2994 fecere
615 2934 729 3010 quibus
751 2935 908 3011 optigerat
929 2936 962 2994 id
986 2957 1108 3012 munus,
1131 2937 1198 3015 ipse

198 3040 306 3100 edidit
348 3041 391 3099 Et
413 3059 476 3117 quo
497 3040 692 3099 constantius
715 3045 819 3099 cetera
846 3060 970 3118 quoque
993 3049 1222 3119 exequeretur2

198 3145 231 3204 in
252 3145 355 3204 locum
377 3151 416 3206 tr.
439 3145 481 3223 pl.
504 3146 587 3205 forte
608 3145 765 3205 demortui
783 3146 985 3206 candidatum
1003 3167 1035 3207 se
1050 3148 1197 3222 ostendit,

198 3268 377 3328 quanquam
404 3251 555 3328 petricius
583 3251 717 3310 necdum
745 3257 877 3311 senator.
927 3253 988 3311 Sed
1012 3253 1197 3312 adversante

199 3356 361 3416 conatibus
377 3357 442 3416 suis
456 3358 500 3416 M.
517 3356 657 3417 Antonio
672 3357 807 3432 consule,
823 3376 916 3433 quem
930 3357 979 3416 vel
996 3357 1198 3434 praecipuum

160 3461 373 3521 coadiutorem
388 3469 579 3539 speraverat,
593 3482 629 3522 ac
643 3482 682 3521 ne
697 3462 858 3549 publicum
873 3462 999 3538 quidem
1016 3468 1049 3522 et
1070 3463 1199 3553 transla-

199 3565 300 3625 tivum
315 3567 363 3626 ius
377 3567 444 3627 ulla
457 3567 490 3625 in
505 3587 537 3627 re
553 3567 612 3626 sibi
631 3567 698 3627 sine
713 3567 856 3644 pactione
870 3567 1073 3643 gravissimae
1088 3587 1201 3636 merce

198 3671 248 3742 dis
273 3670 474 3748 impertiente
498 3672 539 3732 ad
564 3671 733 3750 optimates
759 3691 791 3732 se
817 3672 960 3747 contulit,
985 3672 1099 3749 quihus
1128 3691 1200 3731 eum
