2812 4140
439 250 551 302 arnus
575 249 610 301 11.
648 249 762 302 arvus
786 248 975 303 aucuerre
1168 239 1209 303 53

206 442 292 484 mum
305 423 390 485 afuit
406 422 484 501 quin
503 422 621 502 periret
641 441 792 483 concursu
811 428 844 482 et
863 421 1079 499 indignatione
1098 422 1208 484 turbae

206 528 362 590 militaris.
405 527 508 589 Saluti
535 527 599 588 fuit
628 527 712 604 quod
738 527 794 605 qui
818 527 1055 589 desiderabatur
1079 533 1208 606 repente

206 634 382 712 comparuit
404 632 570 693 incolumis
594 650 631 692 ac
653 632 720 692 sine
742 632 865 693 iniuria
909 625 999 693 Circa
1019 632 1208 693 Perusinum

205 744 312 800 autem
332 756 456 799 murum
477 737 655 798 sacrificans
676 756 775 815 paene
793 737 988 815 interceptus
1005 743 1054 799 est
1074 758 1093 799 a
1114 757 1208 800 manu

206 845 425 923 gladiatorum,
440 863 520 922 quae
533 843 651 922 oppido
666 849 820 921 eruperat.
1216 862 1231 906 5

149 964 183 1013 15
246 951 378 1011 Perusia
396 957 489 1030 capta
502 951 536 1010 in
554 951 708 1028 plurimos
727 950 962 1026 animadvertit,
976 970 1064 1012 orare
1083 951 1208 1012 reniam

206 1057 257 1117 vel
272 1075 420 1118 excusare
434 1076 467 1117 se
482 1055 667 1117 conantibus
681 1075 747 1115 una
761 1074 836 1116 voce
851 1074 1025 1132 occurrens,
1043 1057 1209 1116 morien-

206 1162 295 1222 dum
327 1181 420 1224 esse.
467 1161 615 1222 Scribunt
642 1162 772 1238 quidam
799 1135 954 1222 decenae
983 1161 1207 1222 executurus

206 1267 322 1328 eleetos
343 1255 508 1345 utriusque
528 1267 647 1327 ordinis
663 1250 808 1327 ed'aram
826 1266 909 1326 Divo
928 1266 1011 1326 Iulio
1032 1272 1208 1327 extructam

207 1373 318 1432 Idibus
344 1372 472 1433 Martiis
499 1372 674 1433 hostiarum
702 1388 786 1431 more
815 1377 975 1432 mactatos.
1023 1372 1209 1450 Extiterunt
1218 1383 1247 1428 10

207 1478 262 1556 qui
289 1478 452 1538 traderent
478 1483 628 1556 conpecto
655 1495 727 1537 eum
753 1476 794 1537 ad
826 1495 914 1537 arma
940 1477 1002 1537 isse
1030 1483 1066 1537 ut
1094 1477 1208 1537 occulti

206 1583 380 1644 adversarii
403 1589 435 1644 et
460 1602 537 1660 quos
563 1588 665 1642 metus
690 1583 790 1658 magis
817 1601 912 1661 quam
939 1582 1086 1643 voluntas
1114 1582 1209 1642 eonti-

207 1693 305 1763 neret,
327 1688 479 1748 facultate
500 1689 535 1747 L.
558 1686 678 1746 Antoni
702 1687 791 1746 ducis
815 1687 967 1765 praebita,
988 1687 1209 1763 detegerentur

207 1792 403 1870 devictisque
419 1793 447 1852 is
466 1798 499 1852 et
519 1776 695 1852 confiscatis
715 1791 870 1870 promissa
890 1791 1049 1853 veteranis
1070 1792 1210 1870 praemia

208 1897 412 1959 solverentur.
948 1891 951 1896 ’
1219 1911 1248 1958 15

149 2003 186 2054 16
248 2003 386 2063 Siculum
412 2003 531 2063 bellum
558 2003 719 2063 incohavit
742 2003 777 2061 in
799 2003 921 2081 primis,
946 2003 1001 2063 sed
1028 2003 1084 2062 diu
1111 2002 1210 2063 traxit

208 2108 423 2168 intermissum
438 2109 577 2186 saepius,=
587 2109 680 2168 modo
693 2109 937 2186 reparandarum
948 2090 1096 2169 classium
1107 2107 1209 2185 eausa,

208 2232 286 2292 quas
313 2211 566 2292 tempestatibus
591 2213 712 2290 duplici
745 2213 910 2289 naufragio
937 2219 970 2273 et
997 2214 1126 2291 quidem
1153 2233 1210 2291 per
1292 2291 1295 2296 ι

207 2324 360 2380 aestatem
384 2318 541 2393 amiserat,
567 2318 659 2377 modo
686 2337 763 2396 pace
790 2318 885 2393 facta,
907 2317 1070 2394 flagitante
1092 2319 1210 2397 populo

208 2424 248 2486 ob
273 2423 460 2485 interclusos
488 2428 679 2483 commeatus
714 2424 893 2500 famemque
923 2423 1248 2499 ingravescentem32o

207 2529 314 2605 donee,
343 2529 476 2589 navibus
501 2548 540 2588 ex
567 2529 690 2605 integro
718 2527 881 2588 fabricatis
908 2546 945 2587 ac
972 2528 1087 2603 viginti
1110 2547 1211 2588 servo

208 2653 278 2694 rum
305 2633 434 2694 milibus
462 2634 662 2694 manumissis
690 2639 723 2693 et
749 2634 790 2693 ad
818 2628 953 2692 remum
968 2632 1062 2709 datis,
1083 2638 1210 2712 portum

208 2740 327 2800 Iulium
353 2740 438 2819 apud
468 2740 561 2799 Baias
587 2738 717 2798 inmisso
741 2739 776 2797 in
799 2739 970 2798 Lucrinum
995 2744 1027 2798 et
1048 2739 1209 2798 Avernum

207 2846 311 2906 lacum
338 2845 418 2905 mari
448 2843 562 2905 effecit.
618 2845 658 2903 In
685 2864 747 2921 quo
780 2863 851 2903 cum
878 2843 981 2904 hieme
1008 2850 1077 2905 tota
1104 2845 1209 2922 copias

208 2950 407 3024 exercuisset,
429 2949 617 3027 Pompeium
644 2949 727 3009 inter
750 2936 860 3028 ¹Mylas
886 2955 918 3009 et
941 2950 1141 3009 Naulochum
1163 2963 1248 3009 suar

208 3056 340 3134 peracit,
368 3055 427 3115 sub
450 3055 560 3115 horam
588 3073 711 3133 pugnae
738 3060 804 3115 tam
837 3061 907 3115 arto
937 3061 1066 3133 repente
1101 3058 1209 3114 somn'o

207 3161 371 3221 devinctus
392 3166 430 3221 ut
449 3162 489 3221 ad
511 3160 650 3220 dandum
671 3159 795 3235 signum
819 3160 859 3220 ab
879 3159 988 3220 amicis
1009 3160 1208 3220 excitaretur.

183 3266 301 3327 aUnde
321 3267 497 3345 praebitam
515 3265 654 3324 Antonio
673 3265 836 3325 materiam
855 3271 964 3342 putem
981 3265 1208 3343 exprobrandi:

207 3390 253 3455 ne
278 3371 394 3431 rectis
419 3371 568 3448 quidem
593 3370 713 3430 oculis
739 3389 819 3429 eum
843 3370 1014 3448 aspicere
1037 3370 1208 3448 potuisse

208 3475 449 3537 instructam
472 3477 604 3551 aciem,
628 3494 755 3535 verum
777 3475 969 3553 supinum,
991 3476 1140 3536 caelum
1161 3475 1247 3535 in-eo

208 3586 394 3656 tuentem,
429 3582 638 3658 stupidum
670 3580 854 3641 cubuisse
888 3600 958 3641 nec
989 3581 1099 3658 prius
1128 3599 1210 3641 sur·

208 3687 362 3746 rexisse
389 3707 432 3747 ac
464 3687 665 3746 militibus
694 3687 733 3745 in
766 3691 1019 3763 conspectum
1052 3685 1208 3745 venisse
