2812 4140
107 835 131 882 )<

208 254 228 318 8
275 266 304 317 c.
331 264 486 317 sunronr
509 265 737 328 rauranum
760 265 809 315 nn
834 265 923 314 vrrs
947 262 1149 316 caesanam

208 441 284 498 dum
312 439 508 515 existimans,
538 458 609 498 cnm
646 439 803 516 inplorato
839 438 997 498 Ciceronis
1029 434 1210 496 testimonio

209 545 364 622 quaedam
398 563 431 604 se
466 545 506 604 de
538 544 752 605 coniuratione
780 543 864 603 ultro
891 543 931 603 ad
960 561 1030 601 eum
1059 540 1210 600 detulisse

209 649 376 725 docuisset,
397 669 437 710 ne
460 649 554 710 Curio
576 649 715 727 praemia
735 649 885 709 darentur
906 647 1029 721 effecit;
1057 646 1210 718 Vettium,

209 755 393 834 pignoribus
409 756 510 833 captis
525 761 557 816 et
571 755 697 832 direpta
716 754 920 833 supellectile,
939 754 1020 813 male
1040 753 1211 812 mulcatum

186 877 246 922 sac
266 880 324 940 pro
345 861 456 922 rostris
478 861 511 920 in
533 861 677 921 contione
699 879 798 938 paene
819 860 1012 937 discerptum
1041 858 1152 919 coiecit
1179 856 1212 915 in

210 985 383 1042 carcerem3
403 967 513 1027 eodem
534 967 673 1026 Novium
698 973 905 1044 quaestorem,
926 965 1009 1042 quod
1031 962 1213 1041 compellari

210 1072 295 1149 apud
310 1090 343 1132 se
358 1071 507 1132 maiorem
521 1078 711 1150 potestatem
727 1091 838 1150 passus
853 1077 944 1131 esset.

222 1193 225 1197 ’
251 1179 300 1237 Ex
317 1183 465 1257 praetura
478 1177 660 1238 ulteriorem
683 1178 813 1237 sortitus
835 1177 1025 1254 Hispaniam
1040 1176 1212 1236 retinentes
1238 1188 1273 1238 18

212 1283 380 1343 creditores
400 1283 581 1343 interventu
603 1303 788 1362 sponsorum
808 1283 942 1343 removit
956 1301 993 1343 ac
1009 1301 1110 1359 neque
1128 1299 1212 1340 more

173 1401 312 1465 10neque
333 1389 400 1449 inre
425 1394 617 1466 antequam
641 1390 821 1467 provinciae
843 1393 1028 1449 ornarentur
1053 1388 1213 1465 profectus

212 1499 275 1553 est:
298 1495 452 1554 incertum
467 1500 594 1553 metune
609 1495 727 1570 iudicii,
743 1495 825 1572 quod
841 1495 965 1572 privato
980 1492 1159 1571 parabatur,
1173 1510 1214 1551 an

211 1618 274 1676 quo
289 1600 442 1659 maturius
459 1600 551 1659 sociis
567 1601 799 1678 inplorantibus
821 1600 1020 1673 subveniret3
1041 1603 1214 1676 pacataque

212 1705 382 1783 provincia,
397 1706 465 1782 pari
489 1706 702 1781 festinatione,
717 1726 779 1765 non
800 1711 965 1784 expectato
984 1722 1160 1764 successore
1174 1702 1214 1762 ad

211 1810 407 1888 triumphum
443 1811 536 1869 simul
571 1812 828 1888 consulatumque
855 1810 998 1870 decessit.
1056 1809 1116 1869 Sed
1144 1820 1238 1867 cuma

174 1931 203 1976 15
211 1914 323 1974 edictis
352 1915 414 1974 iam
444 1917 579 1976 comitiis
605 1918 684 1976 1atio
709 1917 775 1976 eius
802 1917 911 1976 haberi
939 1935 1002 1974 non
1022 1920 1130 1992 posset
1152 1911 1215 1972 nisi

212 2020 355 2098 privatus
385 2021 548 2081 introisset
576 2022 694 2096 urbem,
717 2029 749 2082 et
776 2022 929 2083 ambienti
953 2028 990 2081 ut
1014 2020 1135 2097 legibus
1158 2018 1216 2078 sol·

212 2131 338 2185 veretur
361 2127 454 2185 multi
476 2134 584 2187 contra
614 2128 763 2202 dicerent,
786 2134 909 2187 coactus
932 2132 981 2186 est
1009 2124 1214 2202 triumphum,

211 2251 251 2291 ne
266 2232 431 2292 consulatu
446 2233 674 2307 excluderetur,
690 2232 858 2293 dimittere.

251 2338 278 2396 Ε
307 2337 428 2397 duobus
457 2339 637 2398 consulatus
667 2337 934 2416 competitoribus,
957 2337 1054 2397 Lucio
1082 2336 1215 2396 Lucceio
1240 2340 1274 2389 19

174 2444 380 2519 aellarcoque
403 2443 526 2518 Bibulo,
542 2444 710 2502 Lucceium
732 2443 792 2502 sibi
812 2443 968 2517 adiunxit,
988 2447 1098 2520 pactus
1119 2447 1156 2500 ut
1178 2441 1214 2513 is,

212 2548 359 2624 quoniam
381 2548 511 2607 inferior
531 2549 633 2624 gratia
654 2554 737 2609 esset
755 2549 948 2626 pecuniaque
967 2548 1110 2625 polleret,
1129 2566 1216 2604 num-

213 2671 279 2712 mos
294 2654 333 2712 de
348 2672 405 2713 suo
419 2656 575 2713 communi
596 2655 722 2713 nomine
738 2674 794 2732 per
809 2654 965 2713 centurias
986 2652 1213 2731 pronuntiaret.

212 2757 280 2828 Qua
298 2759 423 2835 cognita
437 2779 470 2818 re
485 2760 664 2837 optimates,
680 2779 757 2837 quos
781 2766 881 2818 metus
904 2764 1029 2837 ceperat
1050 2757 1130 2816 nihil
1152 2775 1214 2815 non

211 2882 360 2923 ausurum
382 2884 452 2924 eum
472 2865 504 2923 in
521 2884 641 2924 summo
662 2866 849 2941 magistiatu
871 2863 1015 2923 concordi
1037 2869 1069 2922 et
1090 2880 1215 2921 consen-

174 2967 311 3030 aotiente
333 2969 460 3046 collega,
480 2976 621 3030 auctores
642 2970 755 3029 Bibulo
774 2971 903 3029 fuerunt
921 2968 1107 3029 tantundem
1126 2966 1215 3044 polli-

213 3074 312 3148 cendi,
323 3093 360 3135 ac
371 3076 513 3153 plerique
524 3077 671 3155 pecunias
684 3077 892 3151 contulerunt,
904 3094 944 3134 ne
958 3074 1076 3134 Catone
1087 3071 1214 3149 quidem

192 3254 194 3258 Ι
212 3178 369 3240 abnuente
383 3200 450 3240 eam
465 3182 664 3258 largitionem
678 3203 695 3243 e
710 3203 743 3244 re
758 3182 883 3260 publica
896 3181 974 3240 fieri.
1095 3162 1100 3175 ¹

253 3284 357 3361 Igitur
371 3305 441 3346 cum
457 3289 570 3347 Bibulo
585 3291 691 3349 consul
707 3296 837 3349 creatur.
880 3288 1020 3347 Eandem
1036 3286 1075 3344 ob
1090 3302 1240 3347 causama

213 3409 308 3468 opera
321 3392 362 3452 ab
376 3394 581 3472 optimatibus
603 3397 678 3455 data
692 3402 740 3456 est
758 3402 795 3455 ut
814 3394 994 3473 provinciae
1014 3392 1131 3453 futuris
1148 3410 1216 3449 con-

175 3495 334 3560 ecsulibus
362 3499 485 3559 minimi
512 3501 640 3576 negotii,
662 3502 695 3560 id
724 3507 772 3561 est
801 3501 899 3560 silvae
925 3500 1091 3576 callesque,
1113 3498 1218 3556 decer-

213 3609 370 3663 nerentur.
412 3605 480 3673 Qua
491 3605 625 3665 maxime
640 3606 755 3666 iniuria
769 3606 938 3665 instinctus
950 3604 1093 3663 omnibus
1105 3602 1214 3661 officiis

214 3706 357 3772 Gnaeum
389 3709 576 3793 Pompeium
603 3711 781 3775 adsectatus
811 3717 859 3773 est
887 3711 1041 3770 offensum
1072 3708 1217 3787 patribus
