2812 4140
82 246 84 250 ·
184 217 226 282 84
267 228 299 281 c.
322 226 729 289 sunrou1rnlucu1nu1
753 227 803 278 nn
827 227 916 278 vrri
941 226 1142 279 cimirun

184 402 305 463 editum
339 401 495 462 infantem
526 401 674 481 adgnosci
706 401 812 479 alique
843 401 954 462 vetuit.
1010 400 1187 480 Agrippam

184 507 284 566 nihilo
305 506 561 581 tractabiliorem,
576 506 672 566 immo
686 506 720 565 in
738 506 806 566 dies
827 506 1032 567 amentiorem
1051 505 1085 564 in
1104 506 1188 566 insu-

184 612 248 672 lam
268 611 498 690 transportavit
519 611 700 689 saepsitque
721 611 851 689 insuper
875 611 1017 671 custodia
1038 610 1185 671 militum.

184 716 278 777 Cavit
302 716 398 777 etiam
423 735 446 776 s.
469 736 494 777 c.
516 722 553 777 ut
574 716 682 776 eodem
704 716 765 776 loci
786 716 820 775 in
841 722 1029 794 perpetuum
1052 717 1188 777 contine

160 828 280 884 cretur.
323 822 429 899 Atque
443 821 484 881 ad
498 840 622 881 omnem
638 826 671 881 et
687 821 754 881 eius
772 826 804 882 et
824 821 977 882 Iuliarum
996 821 1187 882 mentionem

183 927 391 1004 ingemiscens
406 927 600 1005 proclamare
614 926 711 986 etiam
725 926 863 987 solebat:

278 1083 341 1144 AlO'
361 1084 469 1159 ὄφελον
489 1083 594 1163 ἄγαμός
616 1082 641 1142 τ’
662 1085 754 1160 ἔμεναι
766 1084 872 1164 ,ἄγονός
893 1082 918 1143 τ’
939 1084 1094 1144 ἀπολέσθω

184 1262 242 1305 nec
261 1243 355 1304 aliter
375 1261 428 1303 eos
448 1242 610 1320 appellare
631 1261 725 1320 quam
737 1242 795 1302 tris
820 1242 957 1302 vomicas
982 1261 1019 1302 ac
1041 1243 1104 1303 tria
1126 1262 1188 1303 car·

186 1349 342 1409 cinomata
355 1367 419 1408 sua.

146 1466 176 1513 10
225 1451 392 1512 Amicitias
413 1471 515 1530 neque
536 1452 631 1512 facile
651 1452 781 1513 admisit
795 1459 827 1513 et
842 1453 1096 1513 constantissime
1116 1454 1188 1513 reti·
1211 1463 1247 1513 66

184 1557 264 1634 nuit,
278 1577 342 1617 non
360 1563 485 1618 tantum
504 1557 639 1618 virtutes
659 1577 695 1619 ac
713 1558 826 1618 merita
844 1559 994 1636 cuiusque
1011 1559 1105 1636 digne
1120 1579 1188 1638 pro

185 1668 321 1739 secutus,
336 1663 391 1723 sed
410 1663 489 1723 vitia
510 1682 633 1740 quoque
655 1669 687 1723 et
708 1664 833 1738 delicta,
848 1664 924 1722 dum
946 1669 1034 1724 taxat
1056 1665 1187 1739 modica,

185 1786 361 1847 perpessus.
416 1769 528 1845 Neque
560 1768 644 1828 enim
672 1773 789 1828 temere
817 1787 855 1828 cx
884 1769 970 1827 omni
996 1788 1127 1829 numero
1154 1770 1188 1828 in

184 1873 325 1934 amicitia
352 1872 419 1933 eius
450 1872 560 1933 afflicti
590 1875 786 1950 reperientur
817 1879 943 1951 praeter
973 1874 1188 1934 Salvidienum

147 1978 316 2054 lcRufum,
335 1997 429 2055 quem
449 1978 490 2038 ad
512 1979 708 2038 consulatum
730 1997 839 2056 usque,
862 1975 1095 2039 et‘Cornelium
1117 1981 1189 2040 Gal-

185 2084 261 2158 lum,
282 2103 376 2161 quem
396 2083 437 2143 ad
457 2084 688 2162 praefecturam
710 2085 860 2162 Aegypti,
883 2104 921 2144 ex
942 2084 1051 2145 infima
1071 2091 1189 2145 utrum·

186 2207 247 2267 que
273 2189 402 2248 fortuna
429 2195 624 2266 provexerat.
681 2188 818 2258 Quorum
847 2190 983 2249 alterum
1013 2209 1062 2250 res
1090 2207 1212 2252 novasa

187 2293 368 2354 molientem
395 2293 607 2353 damnandum
636 2294 758 2354 senatui
787 2294 929 2371 tradidit,
955 2295 1050 2355 alteri
1078 2296 1118 2356 ob
1145 2297 1189 2355 in·

186 2404 310 2476 gratum
334 2403 367 2458 et
391 2398 574 2458 malivolum
595 2398 735 2458 animum
759 2400 851 2458 domo
872 2406 905 2460 et
928 2401 1099 2478 provinciis
1123 2401 1187 2461 suis

147 2503 360 2566 nointerdixit.
404 2503 465 2564 Sed
487 2503 579 2563 Gallo
600 2523 724 2581 quoque
740 2510 772 2564 et
788 2512 1005 2565 accusatorum
1027 2506 1189 2566 denuntia

186 2609 324 2670 tionibus
346 2613 379 2669 et
400 2615 526 2668 senatus
547 2609 698 2669 consultis
718 2609 758 2668 ad
780 2629 886 2671 nocem
906 2611 1065 2689 conpulso,
1085 2612 1189 2671 lauda

186 2715 234 2774 vit
258 2714 386 2791 quidem
410 2714 562 2790 pietatem
587 2719 676 2773 tanto
697 2733 791 2791 opere
812 2735 869 2793 pro
891 2735 924 2774 se
945 2716 1187 2791 indignantium,

187 2826 325 2880 ceterum
346 2824 378 2879 et
399 2818 611 2878 inlacrimavit
631 2825 664 2878 et
685 2819 786 2879 vicem
808 2840 897 2880 suam
920 2827 1108 2897 conquestus
1130 2828 1187 2896 est,

187 2925 287 3003 quod
319 2923 397 2984 sibi
432 2923 508 2983 soli
540 2943 614 2983 non
645 2923 791 2985 liceret
822 2925 960 2985 amicis
993 2931 1187 3002 quatenus

148 3030 312 3095 acvellet
345 3028 490 3089 irasci.
546 3028 676 3106 Reliqui
704 3031 846 3107 potentia
881 3037 977 3108 atque
1006 3030 1118 3108 opibus
1146 3033 1211 3093 ada

186 3135 282 3195 finem
309 3135 394 3195 vitae
424 3134 473 3194 sui
502 3135 634 3212 quisque
666 3135 784 3195 ordinis
816 3136 974 3214 principes
1005 3136 1187 3213 floruerunt,

188 3260 366 3319 quanquam
378 3245 411 3300 et
421 3240 549 3300 offensis
565 3240 857 3301 intervenientibus.
892 3242 1094 3303 Desideravit
1104 3243 1188 3303 enirn

177 3364 432 3423 nonnumquam,
452 3364 492 3405 ne
514 3347 553 3405 de
573 3346 716 3424 pluribus
741 3347 886 3422 referam,
908 3354 940 3407 et
961 3348 1004 3406 M.
1028 3348 1188 3426 Agrippae

131 3497 135 3506 .
187 3451 374 3532 patientiam
388 3456 421 3510 et
435 3450 627 3511 Maecenatis
642 3452 902 3528 taciturnitatem,
917 3471 988 3511 oum
1002 3452 1057 3514 ille
1070 3474 1108 3514 ex
1126 3454 1189 3514 levi

148 3556 315 3634 aofrigoris
341 3555 518 3634 suspicione
540 3561 573 3616 et
597 3557 680 3632 quod
704 3558 873 3618 Marcellus
895 3558 957 3618 sibi
978 3561 1190 3621 anteferretur

188 3661 361 3742 Mytilenas
383 3679 416 3721 se
437 3660 557 3720 relictis
579 3661 722 3721 omnibus
745 3663 940 3740 contulisset,
961 3663 1014 3724 hic
1036 3671 1189 3726 secretum
