2812 4140
225 236 267 301 86
308 249 339 299 C.
364 247 520 298 SUETONI
542 248 768 310 TRANQUILLI
792 249 841 297 DE
866 249 956 299 VITA
979 249 1181 301 CAESARUM

225 420 308 480 Aulo
331 420 427 480 etiam
451 421 560 480 Hirtio
582 421 616 479 in
641 420 798 498 Hispania
819 422 968 481 trecentis
990 422 1117 481 milibus
1139 442 1226 481 num·

225 545 310 584 mum
338 525 547 584 substraverit
576 525 750 601 solitusque
779 525 821 585 sit
852 544 942 584 crura
970 526 1119 585 suburere
1145 547 1224 587 nuce

224 631 348 690 ardenti
375 649 437 707 quo
465 630 588 689 mollior
616 630 700 708 pilus
729 636 879 706 surgeret.
931 631 991 690 Sed
1024 637 1056 690 et
1088 633 1223 710 populus

224 736 382 811 quondam
410 735 574 794 universus
603 735 748 794 ludorum
776 735 828 794 die
855 741 888 795 et
915 736 1038 813 accepit
1062 736 1095 795 in
1120 743 1225 797 contu·

199 840 350 899 omeliam
369 840 435 899 eius
454 846 485 899 et
504 840 640 899 adsensu
662 841 797 900 maximo
819 841 1023 918 conprobavit
1044 861 1169 901 versum
1191 844 1224 901 in

223 963 333 1005 scaena
365 945 604 1022 pronuntiatum
628 945 666 1003 de
683 927 777 1019 'gallo
807 945 921 1004 Matris
946 946 1039 1004 deum
1070 948 1225 1024 tympani-

222 1056 329 1110 zante:
419 1106 424 1117 ,

222 1197 400 1258 Videsne
419 1204 462 1258 ut
481 1197 675 1257 cinaedus
694 1197 827 1257 orbem
845 1198 979 1274 digito
997 1201 1222 1276 temperat?

262 1372 429 1434 Adulteria
443 1374 571 1451 quidem
585 1375 760 1434 exercuisse
775 1393 815 1433 ne
835 1375 929 1434 amici
950 1375 1077 1452 quidem
1097 1381 1223 1451 negant,
1248 1386 1282 1435 69

185 1497 214 1542 10
223 1484 406 1539 excusantes
422 1498 496 1539 sane
513 1498 576 1538 non
595 1479 736 1553 libidine,
753 1479 807 1538 sed
830 1479 950 1538 ratione
973 1480 1146 1555 commissa,
1162 1500 1224 1557 quo

222 1582 347 1642 facilius
363 1583 493 1643 consilia
512 1583 764 1643 adversariorum
780 1603 835 1660 per
850 1585 999 1661 cuiusque
1015 1584 1160 1644 mulieres
1175 1605 1225 1644 ex-

222 1688 370 1764 quireret.
415 1690 458 1746 M.
479 1662 637 1747 Antonius
660 1707 754 1764 super
775 1688 942 1748 festinatas
965 1689 1074 1749 Liviae
1095 1690 1223 1767 nuptias

222 1791 336 1852 obiecit
357 1798 390 1853 et
403 1792 554 1852 feminam
576 1793 770 1852 consularem
792 1813 808 1852 e
827 1793 965 1853 triclinio
984 1794 1044 1852 viri
1067 1814 1170 1854 coram
1191 1796 1224 1854 in

223 1897 400 1957 cubiculum
427 1898 603 1974 abductam,
632 1917 740 1958 rursus
769 1899 802 1957 in
832 1899 1009 1957 convivium
1040 1899 1223 1960 rubentibus

186 2021 214 2066 15
222 2002 371 2062 auriculis
386 2003 593 2080 incomptiore
608 2004 722 2080 capillo
737 2004 917 2078 reductam3
932 2003 1096 2063 dimissam
1107 2005 1225 2065 Scribo-

221 2107 307 2166 niam
321 2108 395 2185 quia
416 2108 545 2168 liberius
560 2109 714 2168 doluisset
728 2110 859 2168 nimiam
879 2109 1054 2187 potentiam
1075 2111 1224 2187 paelicis;

223 2212 418 2272 condiciones
434 2213 592 2290 quaesitas
608 2233 664 2291 per
678 2215 805 2288 amicos,
821 2214 876 2291 qui
893 2220 1010 2274 matres
1033 2214 1171 2274 familias
1192 2222 1225 2276 et

221 2318 346 2378 adultas
373 2323 477 2378 aetate
502 2319 640 2394 virgines
669 2320 865 2379 denudarent
889 2325 985 2397 atque
1010 2321 1225 2398 perspicerent

223 2429 382 2500 tamquam
404 2423 539 2482 Toranio
561 2443 712 2499 mangone
728 2426 891 2484 vendente.
936 2426 1053 2485 Scribit
1071 2427 1167 2485 etiam
1184 2428 1247 2487 ada

184 2529 326 2606 adipsum
353 2527 430 2587 haec
458 2527 658 2587 familiariter
680 2529 783 2588 adhuc
807 2529 940 2588 necdum
962 2530 1055 2607 plane
1079 2531 1223 2590 inimicus

221 2639 277 2694 aut
304 2633 422 2692 hostis:
465 2631 628 2702 Quidte
658 2633 862 2693 mutavit?
905 2634 1014 2705 Quod
1044 2636 1224 2711 reginam

222 2739 339 2798 ineo?
382 2739 493 2797 Uxor
514 2757 597 2797 mea
617 2744 687 2797 est.
736 2739 849 2798 Nunc
871 2740 987 2818 coepi
1008 2760 1055 2800 an
1078 2740 1224 2800 abhinc

222 2863 345 2904 annos
366 2846 533 2902 novem?
577 2844 632 2901 Tu
662 2844 811 2903 deinde
841 2846 966 2905 solam
997 2846 1224 2906 Drusillam
1318 2905 1321 2908 Α

222 2949 329 3008 inis?
386 2951 452 3009 Ita
492 2949 632 3008 valeas
672 2950 735 3008 uti
776 2955 827 3024 tu,
862 2951 962 3010 hanc
1002 2952 1224 3029 epistulam

183 3071 306 3116 ascum
327 3054 448 3131 leges,
469 3074 546 3114 non
568 3055 716 3114 inieris
746 3055 975 3115 Tertullam
996 3063 1064 3116 aut
1086 3058 1224 3116 Teren-

222 3160 358 3220 tillam
379 3166 449 3220 aut
465 3161 671 3219 Rufillam
691 3168 761 3221 aut
780 3161 959 3221 salviam
977 3163 1223 3223 Titiseniam
1284 3209 1286 3213 .

222 3271 290 3325 aut
312 3285 454 3326 omnes.
496 3267 556 3324 An
577 3266 710 3326 refert
730 3266 798 3325 ubi
820 3272 859 3326 et
880 3267 920 3325 in
942 3286 1017 3344 qua
1037 3268 1222 3343 arrigas?

262 3371 347 3431 (lena
361 3391 484 3448 quoque
499 3371 566 3430 eius
586 3371 734 3430 secretior
753 3372 787 3430 in
808 3371 925 3431 fabulis
948 3373 1020 3447 fuit,
1036 3373 1224 3449 quaevu1g0
1246 3392 1282 3442 70

202 3479 385 3543 Υδωδεκάθεος
405 3477 593 3552 vocabatur3
614 3476 648 3534 in
669 3495 731 3553 qua
751 3478 881 3537 deornm
902 3478 1092 3555 dearumque
1112 3478 1224 3538 habitu

182 3595 211 3640 30
221 3584 416 3642 discubuisse
432 3583 579 3642 convivas
595 3587 627 3640 et
638 3582 746 3658 ipsum
761 3602 818 3660 pro
833 3582 981 3660 Apolline
1001 3590 1147 3643 ornatum
1161 3603 1224 3642 non

222 3688 342 3748 Antoni
370 3688 461 3746 modo
489 3687 644 3764 epistulae
666 3687 859 3762 singulorum
881 3689 1009 3748 nomina
1029 3689 1224 3749 amarissime
