2812 4140
191 245 233 312 28
275 258 304 310 c.
330 256 486 310 sucrum
500 250 738 320 ’1111111111
760 258 810 308 nn
835 256 925 309 vrrs
948 257 1151 310 clussnuu

188 432 268 509 legis
302 423 336 492 et
364 449 459 491 onera
485 429 640 490 bellorum
672 429 815 490 civilium
839 436 872 490 et
899 429 1131 510 triumphorum
1157 449 1195 492 ac

189 556 353 597 munerum
374 535 526 596 sustinuit
546 535 713 614 impendia

228 642 419 720 Eloquentia
459 640 653 719 militarique
669 704 672 709 ,
688 659 722 701 re
760 647 816 702 aut
850 642 999 720 aequavit
1036 648 1194 722 praestan·
1216 657 1251 707 55

189 749 384 809 tissimorum
418 746 551 823 gloriam
584 752 642 807 aut
673 748 817 808 excessit.
859 748 938 807 Post
964 749 1193 809 accusationem

164 853 370 916 oDolabellac
406 853 490 912 haud
524 852 619 912 dubie
653 852 850 931 principibus
878 854 1020 930 patronis
1047 855 1194 915 adnume-

189 965 276 1020 ratus
293 965 350 1019 est.
392 959 485 1019 Certe
506 958 615 1018 Cicero
631 958 671 1017 ad
689 953 824 1018 Brutum
846 965 985 1019 oratores
1007 978 1192 1020 enumerans

188 1071 283 1142 negat
308 1083 341 1124 se
365 1064 472 1124 videre
498 1063 548 1123 cui
575 1063 689 1124 debeat
716 1064 832 1124 Caesar
854 1065 963 1125 cedere
990 1065 1097 1143 aitque
1121 1084 1192 1125 eum

188 1171 373 1247 elegantem,
391 1168 591 1248 splendidam
613 1187 737 1246 quoque
759 1175 855 1247 atque
877 1170 974 1230 etiam
996 1170 1192 1247 magnificam

188 1281 222 1336 et
235 1294 417 1352 generosam
436 1275 573 1351 quodam
589 1275 681 1334 modo
700 1275 854 1335 rationem
869 1275 994 1335 dicendi
1015 1281 1139 1352 tenere;
1160 1282 1193 1336 et

150 1381 228 1442 read
251 1381 432 1441 Cornelium
452 1380 611 1457 Nepotem
631 1379 671 1439 de
693 1379 803 1439 eodem
821 1382 867 1441 111
892 1382 1037 1460 scripsit:
1059 1380 1212 1449 Quid?a

189 1486 401 1547 Oratorem
427 1503 542 1563 quem
569 1485 663 1544 huic
692 1490 923 1563 antepones
958 1503 1092 1544 eorum
1123 1484 1192 1561 qui

188 1590 295 1650 nihil
329 1590 444 1651 aliud
481 1592 671 1666 egerunt?
727 1589 824 1660 Quis
861 1589 1089 1649 sententiis
1123 1594 1192 1649 aut

188 1696 349 1757 acutior
369 1700 439 1756 aut
460 1695 668 1755 crebrior?
710 1695 807 1765 Quis
830 1694 968 1754 verbis
989 1700 1059 1754 aut
1086 1712 1193 1754 orna-

188 1802 271 1863 tior
318 1806 388 1862 aut
429 1800 688 1877 elegantior?
743 1801 850 1860 Genus
885 1799 1082 1877 eloquentiae
1116 1799 1192 1858 dum

150 1913 277 1973 11111111
311 1906 494 1967 adulescens
539 1905 642 1966 adhuc
687 1905 850 1966 Strabonis
887 1905 1030 1965 Caesaris
1067 1908 1191 1963 secutus

187 2010 328 2088 videtum
347 2012 434 2072 cuius
458 2012 555 2071 etiam
580 2030 618 2070 ex
640 1993 785 2071 'oratione
810 2028 891 2088 quae
914 2009 1098 2070 inscribitur
1121 2028 1192 2087 pro

188 2118 329 2179 Sardis
346 2118 387 2177 ad
405 2116 536 2176 verbum
557 2116 709 2176 nonnulla
730 2115 895 2176 transtulit
913 2115 947 2174 in
964 2114 1193 2175 divinationem

188 2242 285 2284 suam.
334 2222 561 2282 Pronuntiasse
582 2226 688 2281 autem
710 2221 827 2281 dicitur
848 2239 924 2281 voce
945 2226 1046 2296 acuta,
1068 2217 1193 2280 ardenti

188 2334 276 2389 motu
303 2333 465 2404 gestuque,
488 2345 552 2386 non
576 2326 644 2386 sins
667 2332 841 2386 venustate.
882 2325 1048 2386 Orationes
1070 2324 1217 2402 aliquass

148 2434 326 2511 aureliquit
355 2433 439 2492 inter
466 2450 543 2509 quas
574 2437 692 2491 temere
726 2432 880 2508 quaedam
907 2431 1061 2490 feruntur.
1116 2430 1193 2489 Pro

187 2538 337 2609 Quinto
366 2536 538 2598 Metello
566 2556 628 2596 non
657 2537 815 2596 immerito
840 2535 1003 2612 Augustus
1031 2534 1193 2594 existimat

187 2644 287 2720 magis
308 2643 349 2704 ab
369 2643 506 2703 actuaris
524 2648 688 2719 exceptam
711 2641 792 2700 male
815 2639 1077 2718 subsequentibus
1098 2639 1193 2699 verba

187 2750 321 2810 dicentis
357 2768 452 2826 quam
481 2747 521 2807 ab
553 2747 623 2824 ipso
656 2747 792 2822 editam3
826 2765 900 2806 nam
933 2746 968 2805 in
1004 2745 1193 2822 quibusdam

187 2853 418 2932 exemplaribus
460 2852 585 2911 invenio
627 2871 666 2912 ne
713 2852 898 2929 inscriptam
947 2851 1075 2928 quidem
1122 2868 1193 2928 pru

149 2960 369 3034 asMetello,
397 2958 453 3018 sed
482 2976 597 3034 quam
632 2958 809 3036 scripsit
844 2956 1026 3032 Metello,
1055 2975 1126 3015 cum
1154 2974 1193 3015 ex

188 3084 321 3143 persona
349 3062 491 3124 Caesaris
520 3081 621 3122 sermo
650 3063 693 3123 sit
720 3062 886 3122 Metellum
915 3080 1010 3139 seque
1042 3062 1193 3121 adversus

189 3169 400 3230 communium
447 3169 694 3228 obtrectatorum
742 3168 975 3228 criminationes
1018 3166 1192 3245 purgantis.

188 3276 300 3354 Apud
322 3273 475 3333 Milites
499 3292 622 3350 quoque
647 3273 686 3331 in
710 3273 903 3351 Hispania
925 3273 1009 3332 idem
1030 3273 1217 3349 Augustum

188 3381 243 3441 vix
265 3379 365 3459 ipsius
388 3383 489 3456 putat,
512 3397 591 3455 quae
609 3384 715 3438 tamen
729 3379 847 3457 duplex
870 3379 989 3438 fertur:
1019 3397 1082 3438 una
1103 3376 1194 3454 quasi

150 3486 293 3564 sopriore
326 3484 436 3545 habita
470 3484 598 3563 proelio,
626 3485 727 3544 altera
756 3484 937 3561 posteriore,
974 3503 1035 3561 quo
1063 3482 1193 3542 Asinius

188 3591 345 3652 Pollione
360 3596 485 3668 tempus
503 3589 630 3666 quidem
647 3589 849 3649 contionandi
869 3588 1016 3649 habuisse
1031 3607 1103 3648 eum
1116 3587 1199 3647 dicit

190 3697 296 3758 subita
308 3695 448 3757 hostium
463 3694 649 3756 incursione.
686 3704 688 3711 ⁴
