2812 4140
183 226 247 292 104
281 239 310 291 c.
337 240 493 292 surronr
515 240 742 303 rnsnounur
766 241 815 290 nn
838 241 929 291 vrrs
952 240 1155 293 cassanum

182 412 254 473 aliis
269 413 372 474 causis
388 413 420 472 in
441 413 508 472 iure
529 413 661 473 dicendo
685 413 872 488 detinerent,
888 413 1085 488 exclamavit,
1100 411 1183 490 quod

183 524 217 578 et
229 517 334 597 ipsum
349 538 421 578 mox
435 519 518 578 inter
532 518 637 579 omina
654 519 790 578 relatum
804 524 868 578 est:
890 537 980 593 non,
1002 518 1035 576 si
1056 519 1184 578 omnia

184 629 447 700 morarentur,
468 624 640 702 amplius
663 642 703 683 se
727 622 892 701 posthac
917 625 1058 684 Romae
1083 624 1185 684 futu·

184 749 283 805 rum3
307 736 402 807 atque
423 729 536 789 itinere
558 728 703 789 incohato
725 729 876 789 Astnmm
895 730 1037 807 perrexit
1057 736 1090 789 et
1110 729 1184 790 inde

159 841 309 914 epraeter
338 835 595 895 consuetudinem
623 836 663 895 dc
689 841 780 895 nocte
804 834 845 895 ad
870 835 1063 895 occasionem
1090 854 1184 895 aurae

185 947 311 1002 evectus
333 960 458 1001 causam
480 941 665 1001 valitudinis
690 941 847 1000 contraxit
871 960 909 1000 ex
934 941 1088 1019 profluvio
1110 940 1183 1001 alvi.

225 1048 313 1106 Tunc
331 1045 521 1124 Campaniae
538 1065 592 1106 ora
610 1045 824 1124 proximisque
840 1046 952 1106 insulis
972 1046 1112 1106 circuitis
1131 1046 1186 1106 Ca·
1207 1051 1244 1102 98

185 1171 331 1231 prearum
354 1171 477 1230 quoque
502 1151 638 1211 secessui
659 1151 868 1229 quadriduum
889 1151 1055 1230 impendit,
1080 1151 1187 1211 remis

185 1258 310 1318 sissimo
330 1257 370 1317 ad
391 1257 491 1316 otium
512 1257 606 1317 etad
627 1276 750 1316 omnem
771 1257 952 1317 comitatem
972 1257 1086 1317 anime.

147 1375 176 1421 10
224 1365 320 1423 Forte
336 1363 547 1423 Puteolanum
564 1363 668 1422 sinum
686 1362 939 1440 praetervehenti
956 1369 1096 1422 vectores
1113 1380 1209 1425 nau-a

184 1475 297 1546 taeque
318 1469 357 1528 de
377 1468 452 1528 navi
474 1467 698 1543 Alexandrina,
713 1487 793 1545 quae
814 1472 939 1528 tantum
960 1468 1043 1545 quod
1059 1468 1187 1546 appule·

185 1580 244 1650 rat,
256 1573 416 1634 candidati
427 1573 628 1650 coronatique
640 1577 673 1632 et
686 1577 758 1632 tura
771 1572 906 1632 libantes
919 1572 1025 1633 fausta
1036 1572 1140 1632 omina
1154 1577 1186 1632 et

185 1679 315 1740 eximias
338 1678 447 1738 laudes
469 1684 706 1754 congesserant:
737 1698 813 1756 per·
829 1678 942 1736 illum
971 1697 1010 1737 se
1035 1679 1185 1753 vivere,

185 1803 254 1863 per
278 1784 392 1843 illum
416 1784 621 1859 navigare,
648 1784 840 1843 libertate
866 1789 984 1860 atque
1008 1783 1186 1843 fortunis

147 1907 254 1968 lepor
274 1888 388 1948 illum
413 1889 504 1948 frui.
546 1889 614 1958 Qua
635 1908 668 1949 re
688 1889 857 1948 admodum
878 1889 1071 1948 exhilaratus
1093 1889 1188 1966 quad·

185 2013 315 2072 ragenos
329 2013 440 2054 aureos
455 1994 623 2054 comitibus
638 1994 749 2053 divisit
767 1988 877 2070 iusque
893 1995 1059 2054 iurandum
1073 2000 1106 2054 et
1120 2013 1188 2055 cau-

185 2100 303 2160 tionem
317 2099 423 2174 exogit
439 2119 459 2159 a
478 2099 610 2175 singulis
628 2119 692 2158 non
709 2099 772 2159 alio
791 2099 898 2159 datam
920 2118 1074 2159 summam
1093 2118 1187 2176 quam

185 2207 218 2265 in
242 2205 433 2283 emptionem
462 2204 748 2264 Alexandrinarum
778 2204 928 2263 mercium
954 2204 1185 2282 absumpturos.

186 2312 248 2372 Sed
275 2315 307 2371 et
335 2315 454 2369 ceteros
487 2310 650 2369 continuos
681 2309 749 2369 dies
778 2310 861 2369 inter
888 2309 975 2369 varia
1003 2309 1210 2368 munusculas

147 2422 274 2494 wtogas
303 2416 432 2494 insuper
464 2434 501 2475 ac
532 2415 631 2492 pallia
661 2415 834 2490 distribuit,
864 2416 931 2490 lege
962 2415 1124 2493 proposita
1151 2420 1187 2473 ut

186 2521 321 2582 Romani
342 2521 471 2595 Graeco,
487 2521 599 2580 Graeci
622 2522 762 2579 Romano
783 2520 894 2579 habitu
912 2526 944 2579 et
961 2540 1102 2579 sermone
1123 2526 1188 2579 ute·

186 2633 303 2687 rentur.
347 2627 510 2704 Spectavit
533 2627 659 2686 assidue
683 2632 864 2686 exercentes
887 2626 1032 2704 ephebos,
1054 2645 1187 2703 quorum

184 2734 292 2811 aliqua
318 2733 421 2793 adhuc
449 2734 538 2810 copia
566 2753 604 2793 ex
632 2739 737 2793 vetere
766 2733 913 2792 instituto
945 2733 1073 2811 Capreis
1101 2737 1187 2806 erat;

186 2839 286 2899 isdem
301 2839 398 2899 etiam
412 2841 540 2917 epulum
555 2839 587 2897 in
603 2845 771 2917 conspectu
789 2831 846 2898 suo
861 2838 1007 2916 praebuit
1023 2838 1186 2915 permissa,

146 2944 282 3004 stimmo
314 2951 424 3005 exacta
452 2945 575 3004 iocandi
603 2944 731 3004 licentia
762 2944 995 3022 diripiendique
1024 2962 1187 3021 pomorum

185 3056 218 3111 et
239 3051 439 3110 obsoniorum
460 3070 626 3127 rerumque
651 3096 657 3110 .
682 3096 689 3109 .
716 3096 723 3109 .
750 3050 891 3109 missilia,
933 3049 1031 3108 Nullo
1052 3048 1187 3125 denique

185 3175 298 3232 genere
311 3156 483 3217 hilaritatis
498 3156 661 3216 abstinuit.
762 3214 764 3218 .

225 3261 372 3323 Vicinam
396 3262 525 3339 Capreis
550 3262 685 3322 insulam
710 3260 937 3339 Apragopolim
965 3261 1147 3338 appellabat
1169 3275 1211 3320 a4

185 3367 307 3427 desidia
326 3366 538 3426 secedentium
556 3344 633 3426 illuc
651 3386 668 3426 e
688 3367 839 3426 comitatu
859 3385 923 3425 suo.
968 3367 1028 3426 Sed
1043 3386 1081 3425 ex
1096 3366 1188 3426 dilee

147 3472 228 3533 totis
250 3492 358 3547 unum,
381 3468 554 3548 Masgaban
578 3472 713 3547 nomine,
735 3472 826 3550 quasi
852 3471 1044 3530 conditorem
1066 3472 1187 3531 insulae

186 3581 303 3656 κτίστην
319 3596 430 3636 vocare
442 3583 652 3636 consueverat.
689 3577 794 3636 Huius
806 3577 975 3651 Masgabae
986 3582 1059 3635 ante
1070 3596 1188 3636 annum

185 3681 328 3742 defuncti
343 3683 500 3741 tumulum
515 3702 585 3741 cum
599 3702 616 3741 e
632 3682 769 3742 triclinio
784 3682 1060 3741 animadvertisset
1075 3701 1188 3759 magna
