2812 4140
446 271 558 322 amna
582 271 620 321 11.
655 270 768 322 arvus
791 270 983 324 aucusrus
1174 263 1216 328 49

213 450 287 505 nato
315 448 406 522 pater
434 443 583 504 Octavius
611 443 763 504 adversus
792 444 945 521 fugitivos
974 465 1040 506 rem
1068 465 1217 525 prospere

213 537 360 626 gesserat.
396 549 572 608 Thurinum
582 549 834 625 cognominatum
845 551 922 610 satis
934 556 1019 611 certa
1033 551 1216 629 probatione

212 654 406 730 tradiderim,
428 659 539 714 nactus
564 654 718 733 puerilem
746 655 977 732 imagunculam
1002 656 1069 716 eius
1093 675 1216 718 aeream

212 765 350 820 veterem
371 759 482 820 ferreis
504 748 536 819 et
557 778 656 837 paene
677 759 740 820 iam
758 760 1007 821 exolescentibus
1026 761 1143 822 litteris
1157 762 1216 822 hoc

211 864 337 924 nomine
358 864 552 943 inscriptam,
567 884 647 942 quae
667 865 750 925 dono
770 884 789 926 a
810 884 859 925 me
880 865 1016 944 principi
1037 866 1113 927 data
1133 867 1239 945 interp

213 969 349 1029 cubiculi
362 970 458 1029 Lares
473 969 596 1029 colitur.
637 969 746 1030 Sedet
763 989 782 1030 a
796 971 840 1029 M.
857 969 996 1053 Antonio
1017 971 1051 1030 in
1068 971 1214 1050 epistulis

212 1094 269 1153 per
283 1063 505 1134 contumeliam
513 1085 612 1153 ‘saepe
628 1054 786 1135 Thurinus
801 1076 982 1154 appellatur
996 1074 1028 1137 et
1044 1077 1113 1156 ipse
1133 1077 1214 1138 nihil

211 1179 347 1258 amplius
362 1199 457 1256 quam
471 1179 578 1240 mirari
593 1198 626 1239 se
640 1180 785 1240 rescribit
799 1200 856 1258 pro
871 1181 1036 1259 obprobrio
1051 1182 1112 1241 sibi
1126 1182 1213 1261 prius

188 1299 324 1345 anomen
352 1285 441 1345 obici.
483 1286 599 1364 Postea
626 1285 688 1345 Gai
715 1286 856 1346 Caesaris
881 1291 914 1347 et
940 1286 1053 1346 deinde
1077 1287 1215 1375 Augusti

212 1409 381 1466 cognomen
401 1390 584 1468 assumpsit,
605 1391 741 1450 alterum
761 1396 950 1452 testamento
972 1391 1098 1466 maioris
1120 1407 1254 1453 arun-10

212 1494 283 1570 culi,
304 1496 439 1555 alterum
460 1495 587 1555 Munati
607 1495 719 1555 Planci
740 1476 914 1571 sententia,
928 1515 998 1555 cum
1016 1496 1214 1578 ¹quibusdam

212 1601 409 1660 censentibus
426 1601 597 1660 Romulum
610 1581 766 1678 appellari
783 1607 936 1680 oportere,
951 1602 1042 1678 quasi
1059 1608 1092 1663 et
1109 1603 1213 1680 ipsum

212 1704 404 1764 conditorem
425 1705 522 1781 urbis,
535 1705 773 1789 praevaluisset
794 1711 831 1766 ut
852 1706 1015 1782 Augustus
1036 1707 1142 1784 potius
1163 1728 1214 1768 vo
1321 1768 1324 1773 .

178 1790 181 1795 ’
211 1814 342 1884 caretur,
356 1829 420 1868 non
434 1815 558 1871 tantum
572 1830 654 1870 novo
668 1812 723 1886 sed
738 1811 834 1871 etiam
854 1812 1006 1890 ampliore
1021 1812 1212 1889 cognomine,

95 1988 98 1994 ¹
210 1914 294 1992 quod
314 1914 383 1974 loca
410 1934 532 1992 quoque
554 1916 700 2003 religiosa
721 1921 754 1975 et
774 1916 808 1974 in
828 1916 941 1992 quibus
963 1923 1115 1994 augurato
1136 1917 1250 1995 quidlo

211 2020 409 2080 consecratur
435 2025 570 2096 augusta
596 2020 741 2080 dicantur
768 2004 811 2080 'ab
838 2026 934 2081 auctu
960 2021 1011 2080 vel
1038 2015 1078 2082 ab
1105 2023 1212 2083 avium

210 2130 301 2201 gestu
315 2130 457 2205 gustuve,
473 2126 555 2227 siept
569 2125 665 2186 etiarn
679 2125 800 2185 Ennius
814 2105 906 2186 docet
921 2126 1058 2199 scribens
1072 2149 1078 2186 :

250 2285 437 2363 Augusto
471 2287 643 2363 augurio
678 2293 893 2365 postquam
935 2287 1096 2348 incluta
1130 2307 1212 2348 con-

649 2391 738 2452 dita
759 2393 880 2452 Roma
900 2397 970 2452 est.

167 2556 185 2606 8
249 2552 437 2624 Quadrimus
452 2558 575 2630 patrem
589 2553 704 2612 amisit.
742 2553 970 2613 Duodecimum
984 2573 1101 2614 annum
1114 2573 1209 2630 agens
1219 2564 1248 2610 ao

208 2658 312 2718 aviam
326 2657 443 2718 Iuliam
457 2657 640 2717 defunctam
657 2677 714 2734 pro
731 2657 875 2717 contione
889 2658 1039 2718 laudavit.
1081 2658 1210 2728 Quadri-

208 2763 301 2824 ennio
315 2767 388 2841 post
402 2762 488 2821 virili
503 2768 576 2838 toga
594 2750 720 2839 sumpta
737 2762 927 2823 militaribus
942 2762 1033 2822 donis
1048 2762 1209 2842 triumpho
1322 2818 1326 2824 .

208 2868 350 2929 Caesaris
375 2867 527 2927 Africano
550 2866 684 2926 donatus
710 2872 767 2942 est,
793 2887 973 2944 quanquam
997 2886 1108 2945 expers
1132 2869 1209 2929 belli

208 2979 337 3053 propter
364 2978 509 3032 aetatem.
551 2972 734 3032 Profectum
763 2992 834 3032 mox
861 2973 1051 3033 avunculum
1078 2972 1113 3031 in
1136 2974 1210 3034 His·

207 3079 317 3158 panias
341 3077 492 3138 adversus
518 3077 572 3137 Cn.
595 3077 726 3155 Pompei
750 3077 874 3153 liberos,
897 3078 1028 3137 vixdum
1053 3077 1163 3163 firmus
1189 3093 1247 3140 aas

99 3172 107 3187 ⁸
207 3185 295 3262 gravi
316 3182 501 3258 valitudine,
524 3201 580 3260 per
601 3181 733 3242 infestas
755 3182 898 3243 hostibus
920 3182 987 3244 vias
1009 3183 1207 3262 paucissimis

207 3288 383 3364 comitibus,
394 3287 559 3363 naufragio
574 3288 669 3347 etiam
684 3288 778 3363 facto,
788 3288 973 3348 subsecutus
988 3308 1101 3365 magno
1114 3307 1208 3366 opere

206 3394 371 3470 demeruit,
401 3393 576 3472 approbata
608 3392 670 3452 cito
704 3393 799 3453 etiam
826 3412 947 3452 morum
974 3393 1080 3454 indole
1114 3377 1209 3471 super
1331 3433 1332 3437 =

207 3499 330 3560 itineris
352 3498 549 3559 industriam.

182 3617 198 3663 a
248 3605 380 3665 Caesare
400 3609 473 3682 post
491 3608 633 3681 receptas
654 3603 827 3682 Hispanias
846 3603 1079 3682 expeditionem
1096 3603 1131 3663 in
1148 3605 1246 3664 Da-ao

207 3729 259 3770 cos
271 3715 304 3770 et
317 3708 391 3770 inde
405 3708 439 3767 in
452 3708 588 3769 Parthos
602 3709 790 3784 destinante,
802 3709 993 3787 praemissus
1005 3708 1208 3788 Apolloniam
