2812 4140
148 322 154 340 ι
204 233 246 310 18
287 247 316 298 c.
343 246 498 299 sunrorn
520 248 750 311 rsunournnr
772 249 822 299 nn
846 249 936 300 vrrs
959 250 1163 323 cnnsnnnn

245 419 331 478 Hinc
345 419 422 480 urbe
439 421 576 497 repetita
595 421 628 479 in
650 421 868 481 Macedoniam
890 429 1104 500 transgressus
1119 427 1209 486 Pom·
1232 441 1266 490 35

205 524 321 603 peium,
346 543 403 603 per
427 531 577 602 quattuor
600 544 699 604 paene
724 545 846 587 menses
872 529 1017 588 maximis
1047 531 1208 592 obsessum

205 631 362 710 operibus,
373 632 413 691 ad
428 637 603 691 extremum
615 633 797 692 Pharsalico
811 635 930 712 proelio
945 636 1031 696 fudit
1042 644 1074 697 et
1089 639 1209 714 fugien-

206 744 270 798 tem
296 738 520 799 Alexandriam
546 747 738 818 persecutus,
763 747 801 801 ut
825 742 962 801 occisum
989 743 1207 820 deprehendit,

132 839 142 854 ⁶
180 860 277 906 ocum
300 843 481 904 Ptolemaeo
504 864 585 920 rege,
609 864 628 905 a
653 865 714 922 quo
737 846 797 904 sibi
818 866 941 923 quoque
963 846 1094 907 insidias
1120 850 1208 908 tendi

205 950 343 1025 videbat,
370 950 489 1009 bellum
521 970 594 1010 sane
625 950 846 1010 difficillimum
878 952 976 1028 gessit
1009 971 1109 1029 neque
1140 954 1208 1013 loco

205 1075 306 1134 neque
328 1062 469 1133 tempore
490 1075 598 1132 aequo,
622 1057 676 1115 sed
697 1057 800 1116 hieme
822 1057 897 1116 anni
920 1063 952 1116 et
981 1057 1065 1117 intra
1087 1059 1209 1119 moenia

206 1161 415 1239 copiosissimi
435 1181 472 1221 ac
495 1161 706 1220 sollertissimi
731 1162 842 1236 hostis,
864 1163 955 1239 inops
979 1162 1047 1239 ipse
1069 1164 1209 1222 omnium

207 1285 310 1325 rerum
330 1272 426 1343 atque
448 1267 620 1344 inparatus.
667 1267 813 1342 Regnum
838 1267 979 1344 Aegypti
1000 1268 1102 1326 victor
1125 1267 1210 1328 Cleo

168 1387 197 1432 10
207 1377 316 1448 patrae
340 1371 494 1448 fratrique
523 1371 590 1430 eius
619 1371 733 1429 minori
760 1372 915 1448 permisit,
937 1373 1057 1432 veritus
1086 1373 1210 1451 provin-

207 1475 286 1535 ciam
306 1476 409 1535 facere
424 1495 463 1535 ne
477 1477 665 1552 quandoque
685 1477 903 1535 violentiorem
922 1477 1099 1554 praesidem
1118 1485 1210 1538 nacta

207 1599 358 1639 novarum
380 1600 484 1640 rerum
510 1581 642 1640 materia
666 1587 757 1640 esset.
810 1581 860 1639 Ab
884 1582 1077 1641 Alexandria
1100 1583 1132 1640 in
1157 1584 1234 1660 Sy-a

208 1686 286 1745 riam
307 1692 340 1745 et
363 1686 436 1745 inde
461 1687 598 1745 Pontum
622 1687 750 1746 transiit
773 1687 958 1762 urgentibus
981 1688 1020 1746 de
1049 1688 1210 1748 Pharnace

206 1791 337 1866 nuntiis,
359 1810 453 1868 quem
481 1792 680 1851 Mithridatis
709 1792 817 1868 Magni
842 1792 943 1850 filium
967 1812 1003 1852 ac
1029 1799 1104 1852 tunc
1129 1812 1212 1853 occa

168 1897 295 1958 lesione
319 1902 496 1973 temporum
520 1896 691 1956 bellantem
715 1897 840 1974 iamque
866 1897 1037 1974 multiplici
1066 1916 1210 1958 successu

208 2003 420 2081 praeferocem
445 2002 529 2061 intra
551 2003 698 2078 quintum
720 2022 814 2079 quam
838 2003 986 2063 adfuerat
1007 2004 1101 2078 diem,
1124 2010 1212 2081 quat

162 2125 165 2131 ·
208 2114 279 2166 tuor
300 2107 414 2184 quibus
440 2105 473 2164 in
497 2113 698 2184 conspectum
721 2108 810 2166 venit
833 2108 919 2166 horis
944 2127 1007 2167 una
1030 2108 1212 2185 profligavit

207 2213 289 2286 acie3
333 2211 440 2270 crebro
478 2231 722 2271 commemorans
761 2213 892 2288 Pompei
930 2213 1128 2288 felicitatem,
1162 2214 1211 2273 cui

207 2317 376 2395 praecipua
398 2316 531 2375 militiae
557 2317 624 2375 laus
648 2317 687 2375 de
712 2322 777 2375 tam
801 2317 911 2375 inbelli
935 2337 1048 2391 genere
1071 2319 1210 2377 hostium

167 2423 415 2503 tucontigisset„
469 2421 592 2480 Dehinc
631 2421 808 2497 Scipionem
842 2441 879 2480 ac
914 2422 1025 2481 Iubam
1061 2424 1210 2499 reliquias

207 2528 345 2605 partium
374 2527 408 2586 in
438 2526 550 2585 Africa
578 2525 750 2585 refoventis
782 2525 909 2600 devicit,
935 2527 1067 2604 Pompei
1096 2528 1210 2587 liberes

207 2633 240 2691 in
261 2633 426 2711 Hispania.
1108 2632 1112 2637 ’

247 2738 400 2797 Omnibus
423 2737 568 2796 civilibus
589 2737 681 2796 bellis
703 2736 824 2795 nullam
844 2737 963 2796 cladem
984 2737 1046 2796 nisi
1061 2757 1117 2815 per
1132 2739 1270 2814 lega-*36

207 2848 256 2902 tos
272 2862 343 2901 suos
359 2862 470 2920 passus
491 2848 548 2917 est,
560 2861 694 2919 quorum
716 2842 748 2902 C.
766 2841 860 2901 Curio
872 2842 906 2899 in
921 2842 1032 2901 Africa
1053 2844 1158 2919 periit,
1177 2844 1209 2903 O.
1290 2828 1293 2835 ¹

167 2946 365 3011 25Antonius
387 2948 420 3006 in
441 2948 572 3024 Illyrico
593 2948 627 3005 in
649 2947 899 3006 adversariorum
923 2946 1052 3007 devenit
1077 2953 1212 3024 potesta

207 3058 280 3126 tem,
296 3053 331 3110 P.
352 3052 516 3112 Dolabella
538 3053 669 3111 classem
691 3052 723 3109 in
745 3052 854 3110 eodem
876 3052 1016 3128 IllyricO,
1035 3053 1090 3111 Cn.
1106 3053 1211 3111 Domi-

206 3158 270 3217 tius
306 3157 455 3217 Calvinus
491 3158 525 3215 in
559 3159 662 3216 Ponto
690 3157 862 3215 exercitum
896 3157 1098 3223 amiserunt,
1136 3159 1211 3236 Ipse

206 3262 417 3341 prosperrime
432 3281 555 3340 semper
574 3281 610 3322 ac
632 3281 671 3321 ne
692 3261 824 3338 ancipiti
843 3261 971 3338 quidem
985 3281 1135 3338 umquam
1150 3264 1215 3322 for-²

206 3373 283 3428 tuna
304 3374 524 3445 praeterquam
544 3366 592 3426 bis
612 3367 794 3426 dimicavit:
814 3367 912 3426 semel
930 3368 969 3426 ad
988 3368 1208 3444 Dyrrachium,

167 3473 260 3538 anubi
281 3473 391 3550 pulsus
413 3491 476 3531 non
496 3473 635 3532 instante
660 3471 812 3548 Pompeio
836 3472 964 3548 negavit
988 3491 1058 3531 eum
1084 3472 1209 3533 vincere

206 3578 294 3652 scire,
311 3577 426 3637 iterum
440 3577 474 3635 in
494 3576 652 3653 Hispania
671 3576 784 3635 ultimo
798 3577 927 3652 proelio,
943 3596 1014 3636 cum
1033 3578 1208 3654 desperatis

205 3683 297 3744 rebus
313 3683 408 3743 etiam
423 3683 462 3742 de
477 3682 696 3743 consciscenda
710 3699 784 3740 nece
800 3681 958 3758 cogitavit.
