2812 4140
186 215 227 280 78
268 226 299 278 c.
324 225 480 277 surrom
503 226 730 288 1111111111
753 227 802 275 11
826 226 917 276 vira
940 225 1142 278 cansasuu

139 436 145 451 ·
185 399 336 478 repressit
356 405 389 460 et
409 400 588 476 insequenti
607 399 658 459 die
680 400 865 476 gravissimo
889 399 1041 477 corripuit
1066 400 1186 475 edicto3

185 505 407 582 dominumque
431 525 464 565 se
488 505 619 582 posthac
642 504 797 582 appellari
821 524 860 564 ne
884 524 903 564 a
927 505 1034 564 liberis
1060 507 1186 582 quidem

185 615 240 670 aut
260 609 427 687 nepotibus
449 611 513 669 suis
535 610 586 669 vel
608 610 689 670 serio
703 611 753 670 vel
781 610 848 669 ioco
876 628 986 687 passus
1015 617 1065 671 est
1091 617 1187 689 atque

185 717 251 777 eius
274 717 359 776 modi
379 716 549 778 blanditias
572 718 668 778 etiam
689 718 772 777 inter
794 718 879 795 ipsos
901 718 1071 795 prohibuit.
1114 721 1211 809 ana

162 827 302 911 tter-rere
329 822 405 881 urbe
434 822 590 900 oppidove
617 823 683 883 ullo
711 842 854 899 egressus
879 829 936 883 aut
961 844 1120 902 quoquam
1144 825 1189 884 in·

185 945 310 1004 gressus
331 932 380 987 est
400 928 464 986 nisi
477 924 609 1005 vespera
628 933 685 987 aut
704 933 808 1003 noctu,
823 948 970 1005 nequem
988 929 1081 989 officii
1096 949 1188 990 causa

185 1031 383 1109 inquietaret.
420 1034 459 1091 Iu
474 1033 637 1092 consulatu
652 1032 784 1111 pedibus
799 1033 875 1108 fere,
888 1039 978 1094 extra
992 1035 1188 1095 consulatum

187 1156 279 1214 saepe
300 1138 451 1215 adoperta
472 1138 549 1197 sella
563 1157 619 1215 per
634 1137 794 1215 publicum
815 1138 953 1199 incessit.
996 1140 1188 1200 Promiscuis

186 1242 427 1303 salutationibus
449 1243 637 1302 admittebat
651 1249 683 1304 et
697 1243 830 1320 plebem,
846 1249 936 1304 tanta
957 1244 1104 1325 comitate
1120 1246 1190 1305 ade·

147 1361 177 1408 10
185 1347 310 1407 untium
327 1347 483 1408 desideria
503 1347 662 1425 excipiens
683 1353 720 1407 ut
741 1349 898 1425 quendam
919 1349 987 1408 ioco
1002 1349 1189 1427 corripuerit

186 1453 269 1533 qnod
291 1452 336 1512 sic
357 1452 418 1512 sibi
439 1453 581 1512 libellum
606 1453 765 1530 porrigere
785 1453 955 1525 dubitaret,
978 1455 1097 1531 quasi
1118 1455 1190 1515 ele

187 1556 340 1636 phanto
369 1559 529 1636 stipem.
571 1557 631 1617 Die
646 1564 773 1617 senatus
784 1578 955 1636 numquam
967 1565 1073 1637 patres
1084 1560 1213 1620 nisiin3

187 1661 274 1722 curia
288 1663 439 1723 salutavit
453 1669 485 1723 et
498 1663 626 1740 quidem
639 1663 776 1723 sedentis
791 1683 827 1723 ac
838 1664 1026 1724 nominatim
1039 1665 1189 1742 singulos,

186 1767 275 1827 nullo
293 1767 516 1844 submonente;
537 1768 634 1828 etiam
647 1768 810 1828 discedens
826 1770 935 1829 eodem
950 1771 1042 1829 modo
1058 1772 1191 1831 sedenti·

150 1885 178 1931 15
187 1872 245 1932 bus
260 1872 364 1933 valere
385 1872 517 1934 dicebat.
561 1873 670 1934 Officia
691 1892 761 1933 curn
783 1874 892 1933 multis
914 1881 1024 1934 mutuo
1041 1877 1190 1952 exercuit,

187 1997 245 2038 neo
271 1977 359 2056 prius
391 1978 458 2037 dies
490 1979 640 2055 cuiusque
672 1979 837 2039 sollemnes
866 1979 1068 2056 frequentare
1095 1982 1191 2041 desiit

188 2103 282 2160 quam
306 2083 455 2160 grandior
479 2083 542 2143 iam
562 2089 639 2143 natu
662 2090 694 2143 et
715 2084 748 2142 in
769 2084 861 2144 turba
883 2085 1041 2161 quondam
1066 2104 1192 2163 sponsa

187 2187 300 2248 liorum
314 2188 366 2248 die
379 2194 520 2248 vexatus.
564 2189 690 2248 Gallum
705 2189 881 2248 Cerrinium
897 2196 1072 2251 senatorem
1087 2192 1189 2251 minus

187 2292 248 2351 sibi
262 2293 461 2369 familiarem,
473 2294 528 2353 sed
543 2299 670 2370 captum
684 2300 813 2371 repente
828 2295 925 2354 oculis
941 2301 973 2355 et
988 2296 1027 2355 ob
1041 2296 1074 2355 id
1086 2296 1191 2356 inedia

148 2412 178 2459 ao
187 2396 266 2457 mori
277 2397 489 2459 destinantem
500 2417 648 2476 praesens
660 2399 848 2459 consolando
859 2401 1019 2460 revocavit
1029 2402 1070 2461 ad
1081 2402 1188 2461 vitam.

227 2503 267 2562 In
281 2508 393 2564 senatu
403 2503 498 2563 verba
508 2503 639 2563 facienti
653 2504 773 2564 dictum
788 2510 853 2564 est:
875 2506 963 2564 Non
980 2505 1189 2581 intellexi,
1213 2515 1249 2564 54

187 2611 220 2666 et
235 2605 276 2665 ab
292 2606 370 2666 alio:
399 2607 544 2665 Contra
565 2608 745 2668 dicerem
767 2609 855 2684 tibi,
874 2609 908 2668 si
929 2610 1059 2669 locum
1079 2610 1191 2670 habe·

186 2731 274 2773 rem.
317 2713 484 2773 Interdum
512 2712 552 2772 ob
580 2713 762 2777 immodicas
789 2714 1036 2797 disceptantium
1062 2716 1191 2776 alterca-

187 2817 288 2879 tiones
300 2838 316 2879 e
331 2817 417 2879 curia
431 2837 487 2896 per
502 2818 581 2878 iram
597 2837 629 2878 se
643 2818 832 2896 proripienti
847 2819 976 2896 quidam
991 2819 1190 2896 ingesserunt

147 2923 314 2984 aolicere
350 2929 542 3001 oportere
572 2924 836 2983 senatoribus
859 2925 904 2984 de
937 2944 1029 3002 rep.
1065 2927 1187 3004 loqui.

187 3028 346 3088 Antistius
364 3029 469 3088 Labeo
487 3034 613 3088 senatus
630 3029 774 3104 lectione,
790 3048 860 3088 cum
875 3030 1042 3091 virvirum
1062 3032 1188 3108 legeret,

186 3135 230 3194 M.
252 3134 408 3212 Lepidum
429 3134 552 3193 hostem
570 3134 645 3193 olim
666 3134 732 3193 eius
754 3140 787 3194 et
808 3140 882 3194 tunc
904 3136 1084 3196 exulantem
1111 3137 1189 3214 legit

186 3239 459 3316 interrogatusque
479 3238 520 3299 ab
540 3258 576 3298 eo
597 3259 638 3299 an
665 3246 770 3299 essent
797 3239 854 3300 alii
880 3240 1048 3316 digniores,
1077 3260 1189 3303 suum

185 3364 383 3423 quemque
404 3343 604 3404 iudicium
635 3344 787 3404 habere
809 3346 979 3422 respondit.
1022 3347 1091 3407 Nec
1118 3348 1188 3408 ideo

147 3450 315 3510 aolibertas
328 3456 383 3510 aut
397 3448 592 3531 coutumacia
605 3448 710 3509 fraudi
726 3450 871 3527 cuiquam
886 3449 957 3510 fuit.

225 3555 332 3616 Etiam
354 3573 478 3632 sparsos
499 3555 539 3614 de
560 3573 593 3613 se
614 3554 648 3613 in
669 3555 755 3614 curia
769 3554 906 3615 famosos
928 3555 1051 3616 libellos
1068 3577 1125 3619 neo
1140 3578 1191 3619 ex·
1212 3574 1247 3622 55

185 3659 276 3741 pavit
296 3665 329 3721 et
349 3679 462 3736 magna
483 3678 557 3720 cura
578 3659 739 3736 redarguit
759 3678 795 3719 ac
815 3677 856 3721 ne
876 3660 1038 3738 requisitis
1060 3664 1188 3739 quidem
