2812 4140
489 212 602 311 ureae
625 261 648 310 1.
684 260 796 336 nrvns
820 260 943 312 rumns
1179 253 1220 318 25

182 433 314 492 sMissa
328 432 424 492 etiam
445 432 527 492 facio
549 431 652 492 edicta
673 432 789 508 Bibuli,
806 432 920 510 quibus
941 434 1129 513 proscripsit
1149 435 1222 495 col·

213 539 334 614 lega-m
362 556 466 596 suum
495 536 738 615 Bithynicam
768 538 946 614 reginam,
974 538 1083 616 eique
1109 546 1221 602 ante'a

213 662 340 719 regem
374 642 499 702 fuisse
534 642 650 718 cordi,
678 661 777 703 nunc
811 662 895 703 esee
930 663 1095 720 regnum.
1152 646 1220 715 Quo

213 754 363 826 tempore,
374 754 411 808 ut
424 750 551 808 Marcus
563 750 681 808 Brutus
692 748 800 823 refert,
812 748 963 809 Octavius
974 749 1070 810 etiam
1080 751 1218 828 quidam,

213 854 388 915 valitudine
410 855 525 914 mentis
546 854 676 914 liberius
697 854 799 930 dicax,
814 860 971 915 conventu
989 855 1126 915 maximo
1148 874 1242 919 cumo

212 959 399 1038 Pompeium
420 979 525 1036 regem
548 959 742 1038 appellasset
762 960 868 1038 ipsum
893 959 1033 1036 reginam
1057 961 1216 1022 salutavit.

213 1065 275 1124 Sed
292 1065 325 1125 Ο.
344 1065 513 1125 Memmius
531 1065 627 1125 etiam
643 1065 684 1125 ad
702 1065 852 1143 cyathum
867 1065 913 1125 at
930 1065 963 1124 vi
979 1066 1145 1125 Nicomedi
1159 1072 1218 1126 ste

212 1170 289 1230 tisse
311 1170 408 1231 obicit
432 1190 503 1230 cum
527 1170 658 1248 reliquis
683 1170 816 1231 exoletis
840 1170 935 1249 pleno
957 1170 1110 1247 convivio,
1131 1190 1218 1231 accu—
1288 1165 1292 1176 '

211 1275 358 1335 bentibus
380 1276 539 1334 nonnullis
561 1276 677 1336 urbicis
699 1275 957 1352 negotiatoribus,
972 1294 1104 1352 quorum
1119 1276 1217 1337 refert

188 1381 345 1440 enomina.
389 1363 585 1441 Cicero⁴vero
606 1401 669 1440 non
691 1386 856 1441 contentus
877 1381 912 1440 in
932 1381 1121 1459 quibusdam
1138 1381 1255 1459 epis-10

211 1485 287 1545 tulis
310 1486 473 1564 scripsisse
493 1506 513 1546 a
534 1486 724 1547 satellitibus
753 1505 824 1547 eum
845 1487 879 1545 in
900 1486 1079 1546 cubiculum
1095 1486 1216 1562 regium

210 1590 358 1650 eductum
379 1591 413 1650 in
433 1611 527 1652 aureo
548 1591 630 1651 lecto
651 1597 739 1651 veste
767 1610 926 1670 purpurea
953 1591 1137 1651 decubuisse
1163 1591 1216 1651 flo

210 1714 337 1774 remque
351 1696 465 1756 aetatis
480 1715 499 1756 a
513 1697 639 1758 Venere.
656 1696 718 1755 orti
733 1696 766 1754 in
784 1697 938 1774 Bithynia
958 1696 1214 1773 contaminatum,

209 1802 367 1878 quondam
388 1802 485 1861 etiam
506 1802 539 1861 in
561 1807 672 1862 senatu
692 1802 878 1862 defendenti
899 1801 928 1861 ei
949 1803 1057 1880 Nysae
1079 1810 1229 1877 causam,

208 1906 292 1966 ffliae
306 1907 498 1982 Nicomedis,
512 1907 724 1984 beneficiaque
745 1907 827 1984 regis
845 1907 879 1966 in
893 1926 926 1967 se
941 1907 1252 1982 commemoranti31c

209 2013 388 2087 Remove,
417 2013 531 2089 iuquit,
560 2012 698 2087 istaec,
727 2032 791 2072 oro
822 2018 873 2088 te,
902 2013 1053 2089 quando
1083 2018 1214 2072 notum

208 2123 281 2191 est,
306 2123 343 2177 et
368 2117 460 2194 quid
484 2118 555 2176 ille
580 2117 655 2176 tibi
678 2117 831 2195 etquid
854 2117 919 2176 illi
942 2123 1026 2177 tute
1048 2118 1211 2178 dederis.

183 2223 331 2284 4Gallico
354 2223 490 2299 denique
511 2223 672 2300 triumpho
694 2223 812 2282 milites
834 2223 900 2282 eius
923 2223 1006 2283 inter
1028 2229 1131 2283 cetera
1152 2242 1215 2283 car·

207 2329 301 2404 mina,
330 2329 435 2407 qualia
463 2348 588 2387 currum
622 2335 847 2406 prosequentes
880 2327 1060 2388 ioculariter
1088 2334 1213 2408 canunt,

206 2435 302 2494 etiam
317 2435 397 2493 illud
411 2434 666 2510 vulgatissimum
680 2434 981 2511 pronuntiaverunt:
1000 2497 1003 2504 ,
1221 2454 1250 2499 20

234 2596 384 2656 Gallias
407 2595 546 2655 Caesar
567 2595 972 2677 subegitNicomedes
994 2594 1210 2656 Caesarem:

233 2720 317 2761 ecce
339 2701 475 2762 Caesar
502 2718 599 2758 nuno
626 2700 841 2777 triumphat
868 2701 932 2777 qui
960 2699 1110 2776 subegit
1131 2701 1212 2760 Gal·
1315 2740 1318 2746 -

851 2805 933 2882 lias,

233 2912 456 2973 Nicomedes
484 2930 557 2970 non
577 2910 791 2988 triumphat
812 2911 877 2988 qui
906 2911 1058 2987 subegit
1086 2911 1212 2972 Caesa

850 3036 934 3076 rem.
1219 3022 1248 3067 25

146 3193 183 3244 50
246 3180 386 3239 Pronum
407 3183 440 3237 et
461 3183 680 3255 sumptuosum
702 3177 735 3235 in
756 3176 904 3237 libidines
933 3177 1033 3237 fuisse
1061 3184 1209 3268 constans

206 3284 314 3364 opinio
337 3290 386 3344 est
407 3282 622 3361 plurimasque
644 3287 677 3341 et
698 3281 838 3341 illustres
864 3281 999 3342 feminas
1022 3283 1208 3361 corrupisse,

204 3391 240 3449 in
275 3389 388 3467 quibus
423 3387 621 3448 Postumiam
656 3385 746 3446 Servi
788 3386 918 3463 Sulpici,
954 3386 1091 3448 Lolliam
1132 3388 1208 3447 Auli

206 3496 331 3571 Gabini,
368 3496 543 3555 Tertullam
577 3493 678 3553 Marci
713 3493 827 3567 Crassi,
863 3494 959 3555 etiam
992 3494 1047 3554 Cn.
1076 3494 1208 3572 Pompei

205 3604 353 3662 Muciam.
396 3603 480 3661 Nam
509 3606 592 3661 certe
619 3601 771 3678 Pompeio
799 3606 831 3661 et
858 3619 877 3660 a
902 3600 1089 3660 Curionibus
1118 3606 1246 3678 patreso

205 3715 238 3770 et
262 3709 329 3768 filio
351 3714 383 3768 et
406 3727 426 3767 a
447 3706 557 3766 multis
580 3705 805 3784 exprobratum
827 3705 981 3782 estquod
1006 3705 1093 3764 cuius
1115 3723 1208 3765 causa
