2812 4140
475 240 593 307 masa
611 257 633 307 1.
670 254 783 308 mvus
807 256 930 308 mirus
1185 239 1206 311 5

199 430 342 487 auctores
362 431 437 486 sunt
456 427 652 505 conspirasse
672 447 744 488 eum
763 428 860 489 etiam
880 447 951 488 cum
965 428 1074 488 Gnaeo
1089 428 1205 490 Pisone

199 530 409 607 adulescente,
435 532 485 591 cui
512 532 553 592 ob
581 533 791 610 suspicionem
816 534 952 593 urbanae
980 534 1205 594 coniurationis

199 635 362 714 provincia
376 636 534 714 Hispania
544 637 628 697 ultro
639 644 729 698 extra
740 639 882 698 ordinem
892 639 968 698 data
983 638 1044 713 sit,
1065 645 1205 716 pactum·

199 759 259 818 que
273 747 311 802 ut
325 741 419 802 simul
439 742 517 801 foris
535 742 598 817 ille,
614 743 682 820 ipse
701 744 818 803 Romae
835 744 875 803 ad
895 762 944 802 res
964 762 1061 804 novas
1079 762 1204 803 consur-

198 852 318 923 gerent,
350 866 407 925 per
438 847 627 908 †Ambran0s
660 855 693 908 et
725 848 984 927 Transpadanos3
1015 848 1228 912 destitutums

198 951 364 1029 utriusque
384 952 551 1012 consilium
573 959 673 1013 morte
695 953 830 1014 Pisonis.

156 1068 192 1118 10
240 1057 362 1117 Aedilis
382 1063 508 1136 praeter
521 1059 683 1118 comitium
702 1079 738 1120 ac
758 1060 863 1118 forum
882 1060 1090 1138 basilicasque
1106 1060 1203 1121 etiam

198 1161 392 1241 Capitolium
402 1164 536 1238 ornavit,
546 1165 719 1241 porticibus
734 1165 774 1225 ad
786 1171 910 1242 tempus
922 1165 1074 1225 extructis
1089 1165 1123 1224 in
1138 1165 1204 1243 qui·

197 1267 256 1328 bus
272 1268 453 1329 abundante
471 1288 575 1328 rerum
590 1270 679 1348 copia
699 1289 772 1349 pars
792 1276 963 1348 apparatus
983 1276 1201 1348 exponeretur.

198 1372 389 1434 Venationes
408 1380 515 1434 autem
533 1375 686 1452 ludosque
701 1381 733 1436 et
755 1395 826 1435 cum
848 1375 967 1451 collega
986 1381 1018 1435 et
1033 1376 1203 1454 separatim
1213 1392 1241 1438 10

199 1477 308 1553 edidit,
333 1497 395 1555 quo
423 1479 543 1539 iactum
571 1485 620 1539 est
645 1486 682 1540 ut
707 1481 919 1539 communium
944 1498 1068 1557 quoque
1096 1481 1204 1559 inpen-

199 1601 304 1643 sarum
329 1584 413 1643 solus
441 1585 576 1660 gratiam
601 1591 728 1662 caperet
755 1605 812 1644 nec
840 1585 1056 1644 dissimularet
1084 1585 1203 1662 collega

199 1687 266 1748 eius
286 1689 413 1749 Marcus
436 1689 569 1749 Bibulus
593 1690 773 1750 evenisse
802 1690 878 1749 sibi
907 1690 1003 1767 quod
1031 1690 1201 1751 Polluci:

198 1799 242 1853 ut
269 1794 373 1854 enim
400 1795 559 1870 geminis
589 1795 781 1855 fratribus
808 1795 920 1855 aedes
946 1795 983 1853 in
1008 1796 1095 1855 foro
1120 1815 1204 1855 con-

199 1898 345 1960 stituta
377 1906 528 1960 tantum
561 1901 736 1961 Castoris
770 1906 979 1975 vocaretur,
1010 1900 1069 1961 ita
1099 1916 1241 1961 suamrc

198 2003 447 2081 Caesarisque
497 2005 810 2065 munificentiam
859 2005 972 2064 unius
1022 2005 1202 2066 Caesaris

174 2107 288 2169 adici.
332 2110 459 2169 Adiecit
483 2110 612 2187 insuper
635 2111 749 2170 Caesar
771 2110 867 2169 etiam
890 2110 1114 2185 gladiatorium
1139 2130 1203 2169 mu·

197 2232 266 2289 nus,
287 2215 342 2274 sed
363 2214 526 2290 aliquanto
549 2215 747 2292 paucioribus
770 2233 864 2291 quam
886 2214 1100 2275 destinaverat
1122 2216 1202 2292 pari·

196 2318 273 2394 bus3
297 2338 371 2379 nam
389 2339 461 2379 cum
480 2320 650 2397 multiplici
670 2320 808 2396 undique
828 2320 951 2379 familia
970 2325 1139 2398 conparata
1158 2321 1202 2379 in-

197 2424 306 2486 imicos
324 2426 538 2501 exterruisset,
559 2432 685 2485 cautum
708 2431 756 2485 est
778 2426 817 2485 de
839 2445 969 2486 numero
990 2425 1240 2501 gladiatorumao

197 2549 259 2607 quo
279 2549 319 2589 ne
340 2531 490 2590 maiorem
511 2532 657 2608 cuiquam
678 2531 792 2591 habere
814 2532 932 2591 Romae
953 2531 1070 2590 liceret.

147 2643 179 2694 11
237 2637 411 2697 Conciliato
432 2638 542 2715 populi
563 2639 671 2698 favore
692 2638 863 2716 temptavit
884 2657 940 2715 per
961 2643 1084 2715 partem
1105 2637 1202 2698 tribu·

196 2760 307 2801 norum
327 2749 364 2802 ut
388 2742 449 2802 sibi
471 2743 637 2821 Aegyptus
662 2743 824 2821 provincia
848 2744 934 2821 plebi
959 2743 1038 2803 scito
1062 2743 1201 2818 daretur,

116 2897 120 2906 .
196 2854 328 2908 nanctus
353 2849 594 2915 extraordinarii
624 2849 750 2926 imperii
776 2850 970 2909 occasionem
995 2849 1079 2926 quod
1109 2848 1202 2908 Alex·

196 2953 322 3013 andrini
349 2973 452 3030 regem
482 2974 573 3013 suum
602 2955 720 3014 socium
753 2961 848 3032 atque
879 2954 1015 3015 amicum
1042 2974 1061 3014 a
1089 2960 1239 3014 senatuac

196 3059 392 3137 appellatum
406 3061 593 3137 expulerant
613 3080 724 3137 resque
740 3061 834 3136 vulgo
856 3060 1090 3138 improbabatur.
1133 3061 1201 3119 Nec
1338 3037 1340 3043 Ι

197 3164 335 3225 obtinuit
354 3165 541 3226 adversante
567 3166 769 3243 optimatium
792 3166 946 3226 factione:
976 3185 1108 3241 quorum
1132 3183 1202 3225 auc

197 3269 358 3330 toritatem
377 3277 414 3330 ut
435 3271 548 3348 quibus
571 3277 679 3349 posset
698 3271 798 3330 modis
819 3272 853 3329 in
872 3271 974 3331 vicem
995 3271 1200 3344 deminueret,

197 3379 326 3453 tropaea
345 3375 406 3436 Gai
420 3376 504 3435 Mari
518 3377 557 3436 de
569 3377 725 3452 Iugurtha
739 3377 841 3454 deque
857 3377 993 3436 Cimbris
1007 3382 1102 3452 atque
1124 3376 1201 3434 Teu-

197 3481 280 3541 tonis
302 3481 377 3539 olim
399 3500 418 3541 a
437 3482 525 3542 Sulla
546 3482 678 3542 disiecta
695 3482 837 3542 restituit
858 3488 954 3559 atque
975 3482 1008 3540 in
1029 3481 1240 3541 exercendasc

197 3586 236 3644 de
258 3586 365 3645 sicaris
380 3587 563 3663 quaestione
585 3607 636 3646 eos
655 3606 780 3664 quoque
802 3588 986 3648 sicariorum
1007 3605 1136 3646 numero
1150 3587 1202 3646 ha

196 3690 266 3772 buit
285 3691 339 3768 qui
359 3692 589 3769 proscriptione
608 3692 647 3751 ob
668 3692 768 3752 relata
788 3693 904 3751 civium
925 3695 1137 3752 Romanorum
1156 3710 1202 3750 ca
