2812 4140
197 221 239 286 60
280 231 312 284 c.
336 231 493 285 sunrom
515 232 742 295 calnomum
765 233 815 284 nn
841 233 929 285 vrrs
953 235 1156 297 cassanum

198 410 247 465 et:
283 411 346 465 sat
376 404 573 465 celeriter
604 405 705 465 ficri
740 405 943 482 quidquid
979 407 1059 468 fiat
1095 410 1199 469 satis

197 510 305 570 bene.
360 509 520 569 Proelium
555 511 683 588 quidem
717 516 773 571 aut
806 510 925 570 bellum
964 513 1200 591 suscipiendum

198 615 324 676 omnino
361 614 505 691 negabat,
540 617 603 675 nisi
641 635 712 675 cum
750 616 849 676 maior
886 616 1091 678 emolumenti
1129 638 1200 698 spes

132 724 136 731 '
198 741 293 800 quam
320 720 427 780 damni
456 727 557 781 metus
586 721 812 782 ostenderetur.
855 723 939 782 Nam
968 723 1098 784 minima
1123 743 1202 783 com-

174 827 291 887 nmoda
311 845 375 885 non
402 826 532 886 minimo
561 827 712 887 sectantis
739 827 921 888 discrimine
950 828 1069 888 similes
1098 829 1202 889 aiebat

198 952 267 994 esse
294 951 388 993 aureo
415 932 509 991 hamo
540 933 745 1010 piscantibus,
774 933 861 992 cuins
892 934 1021 1011 abrupti
1052 935 1202 995 damnum

198 1038 286 1098 nulla
300 1043 431 1116 captura
444 1037 570 1115 pensari
584 1043 700 1116 posset.

238 1142 445 1219 Magistratus
464 1148 560 1219 atque
578 1142 715 1215 honores
729 1149 762 1203 et
775 1149 849 1203 ante
864 1149 988 1222 tempus
1004 1150 1036 1204 et
1050 1146 1202 1222 quosdam
1225 1153 1262 1203 26

198 1249 272 1308 novi
292 1248 415 1324 generis
437 1254 668 1326 perpetuosque
690 1248 783 1325 cepit.
826 1248 1032 1308 Consulatum
1053 1249 1203 1308 vicesimo

161 1367 190 1412 10
198 1352 311 1413 aetatis
326 1373 408 1412 anno
423 1353 540 1413 invasit
560 1353 696 1413 admotis
718 1353 878 1413 hostiliter
891 1353 932 1413 ad
947 1353 1056 1412 urbem
1077 1354 1203 1430 legioni·

198 1458 256 1517 bus
268 1457 435 1535 missisque
446 1458 501 1534 qui
513 1457 574 1517 sibi
584 1458 710 1517 nomine
721 1458 878 1517 exercitus
890 1459 1113 1535 deposcerent,
1133 1478 1203 1518 cum

199 1563 326 1640 quidem
354 1568 521 1622 cunctante
549 1569 660 1623 senatu
689 1563 851 1623 Cornelius
881 1564 1031 1639 centurio,
1056 1564 1203 1642 princeps

199 1667 375 1744 legationis,
397 1667 512 1727 reiecto
534 1668 643 1744 sagulo
664 1669 832 1728 ostendens
854 1667 952 1744 gladii
974 1668 1120 1746 capulum
1140 1688 1204 1728 non

199 1772 375 1832 dubitasset
396 1772 430 1831 in
451 1772 537 1833 curia
561 1773 681 1832 dicere:
713 1773 790 1832 Hic
815 1773 954 1849 faciet,
977 1773 1102 1833 sivos
1128 1793 1204 1833 non

162 1878 403 1940 1sfeceritis.
447 1879 625 1937 Secundum
647 1878 843 1938 consulatum
868 1884 942 1956 post
961 1898 1074 1938 novem
1095 1895 1228 1955 annos,2

200 1983 330 2043 tertium
343 2001 425 2043 anno
440 1982 605 2042 interiecto
619 1983 726 2059 gessit,
739 1984 899 2060 sequentis
914 1985 1065 2061 usquead
1080 1985 1205 2043 undeci-

200 2108 286 2147 mum
307 2088 512 2163 continuavit,
528 2088 698 2164 multisque
720 2109 792 2148 mox
814 2108 884 2147 cum
901 2090 1100 2150 deferrentur
1122 2108 1205 2148 recu-

201 2194 278 2254 satis
299 2193 518 2253 duodecimum
540 2212 662 2268 magno,
677 2193 709 2251 id
724 2199 773 2252 est
795 2195 1020 2271 septemdecim
1040 2214 1203 2270 annorum,

200 2299 369 2358 intervallo
383 2303 416 2358 et
430 2316 538 2357 rursus
558 2298 688 2357 tertium
709 2298 865 2356 decimum
880 2298 1007 2358 biennio
1029 2306 1101 2376 post
1120 2300 1204 2359 ultro

162 2403 291 2482 oppetit,
308 2408 345 2462 ut
362 2403 396 2463 C.
414 2408 447 2462 et
468 2402 600 2462 Lucium
617 2402 699 2461 filios
717 2392 915 2480 amplissimo
931 2404 1093 2481 praeditus
1111 2405 1205 2481 magi-

201 2514 303 2568 stratu
320 2526 376 2567 suo
393 2526 548 2585 quemque
566 2507 711 2567 tirocinio
727 2508 896 2568 deduceret
910 2508 942 2567 in
957 2509 1070 2569 forum.
1113 2508 1229 2579 Quin-3

201 2632 263 2692 que
275 2613 394 2672 medios
410 2613 589 2673 consulatus
604 2632 623 2672 a
638 2619 727 2672 sexto
740 2614 780 2672 ad
792 2613 948 2673 decimum
962 2634 1082 2674 annuos
1097 2615 1204 2691 gessit,

202 2725 320 2779 ceteros
335 2724 391 2778 aut
404 2737 516 2778 novem
530 2724 586 2778 aut
601 2737 655 2777 sex
669 2724 725 2778 aut
739 2723 888 2795 quattuor
907 2727 962 2779 aut
979 2719 1080 2779 tribus
1095 2721 1207 2780 mensi-

201 2826 269 2901 bus,
294 2825 466 2884 secundum
490 2843 564 2883 vero
588 2824 786 2901 paucissimis
810 2824 905 2884 horis.
947 2826 1031 2884 Nam
1055 2825 1107 2884 die
1132 2825 1205 2885 Kal.

164 2931 270 2992 251an.
286 2949 357 2989 cum
371 2925 462 2989 mane
477 2948 533 3006 pro
548 2929 624 2989 aede
639 2929 811 3006 Capitolini
826 2929 912 2988 Iovis
927 2929 1091 3006 paululum
1107 2930 1207 2989 curuli

203 3035 280 3095 sella
304 3035 524 3112 praesedisset,
549 3034 665 3093 honore
690 3034 770 3093 abiit
799 3033 931 3093 suffecto
955 3035 1019 3094 alio
1045 3036 1079 3093 in
1105 3035 1208 3094 locum

147 3196 152 3203 .
204 3158 303 3199 suum.
344 3140 413 3198 Nec
434 3157 540 3198 omnes
563 3140 690 3214 Romae,
709 3140 764 3198 sed
787 3144 935 3215 quartum
957 3140 1155 3199 consulatum
1176 3141 1209 3198 in

203 3244 291 3320 Asia,
305 3245 452 3321 quintum
467 3245 501 3304 in
514 3244 618 3304 insula
639 3245 741 3320 Samo,
757 3249 902 3304 octavum
917 3249 949 3303 et
963 3264 1080 3303 nonum
1102 3245 1210 3304 Tarra

205 3370 280 3411 cone
295 3350 364 3410 init.

166 3472 196 3519 ³0
245 3457 493 3518 Triumviratum
505 3458 550 3518 rei
561 3479 591 3536 p.
605 3458 843 3518 constituendas
854 3477 911 3536 per
925 3457 1033 3517 decem
1047 3475 1146 3518 annos
1160 3457 1211 3516 ad·
1233 3468 1268 3520 27

205 3563 416 3638 ministravit3
438 3564 550 3640 inquo
573 3564 693 3623 restitit
714 3564 842 3639 quidem
863 3563 1059 3639 aliquamdiu
1082 3561 1209 3638 collegis

205 3688 244 3728 ne
259 3686 321 3744 qua
334 3667 425 3728 fieret
444 3668 641 3745 proscriptio,
658 3668 714 3727 sed
736 3668 894 3744 inceptam
913 3672 1053 3748 utroque,
1065 3667 1208 3728 acerbius
