2812 4140
185 246 227 339 58
268 255 298 308 c.
324 255 478 308 suarem
501 253 728 317 russonum
750 252 801 302 nn
825 252 915 302 vrrs
939 251 1141 302 caesarum

225 429 338 488 Ianum
359 427 525 496 Quirinum
550 425 645 485 semel
666 431 761 501 atque
784 425 899 484 iterum
919 444 938 484 a
960 425 1086 483 condita
1109 424 1185 483 urbe
1208 431 1244 482 22

184 537 258 593 ante
269 531 451 591 memoriam
466 550 554 591 suam
569 531 708 591 clausum
719 530 754 588 in
764 529 864 589 multo
878 529 1020 589 breviore
1034 529 1185 606 temporis

186 637 288 715 spatio
303 642 387 697 terra
401 637 541 712 marique
555 654 632 713 pace
647 640 738 712 parta
752 640 801 694 ter
815 634 918 694 clusit.
961 634 1016 693 Bis
1031 652 1127 693 ovans
1142 634 1186 692 in·

185 761 310 821 gressus
325 747 374 802 est
388 741 507 815 urbem,
523 747 595 818 post
612 740 818 818 Philippense
833 745 866 799 et
880 757 987 798 rursus
1009 745 1081 816 post
1103 739 1186 797 Sicu-

161 850 251 908 olum
271 848 397 908 bellum.
441 847 566 907 Curulis
591 845 767 922 triumphos
789 845 848 907 tris
869 845 942 920 egit,
964 844 1185 918 Delmaticum,

184 954 359 1029 Actiacum,
374 952 633 1026 Alexandrinum,
649 951 796 1010 continuo
810 950 915 1010 triduo
930 968 1044 1009 omnes.

225 1059 345 1145 Graves
370 1057 557 1134 ignominias
585 1055 751 1132 cladesque
775 1055 854 1115 duas
879 1055 1004 1114 omnino
1029 1073 1086 1114 nec
1109 1054 1185 1114 alibi
1208 1065 1243 1116 23

185 1183 278 1242 quam
300 1165 333 1222 in
355 1163 524 1224 Germania
543 1161 674 1238 accepit,
694 1160 870 1220 Lollianam
887 1167 919 1220 et
937 1161 1115 1234 Varianam,
1131 1160 1186 1218 sed

185 1269 361 1329 Lollianam
383 1268 509 1328 maioris
531 1266 681 1327 infamiae
696 1285 790 1342 quam
809 1265 1001 1341 detrimenti,
1016 1265 1185 1325 Varianam

147 1390 176 1435 ιο
185 1392 283 1451 paene
304 1372 497 1433 exitiabilem
519 1371 620 1431 tribus
642 1371 816 1447 legionibus
832 1390 903 1430 cum
917 1370 994 1430 duce
1012 1371 1186 1448 legatisque

185 1484 218 1539 et
237 1478 364 1538 auxiliis
387 1477 529 1536 omnibus
552 1476 659 1536 caesis.
702 1478 773 1537 Hac
796 1476 942 1536 nuntiata
963 1476 1108 1535 excubias
1129 1495 1186 1553 per

184 1583 293 1643 urbem
313 1582 430 1642 indixit
448 1601 488 1642 ne
507 1583 577 1658 quis
592 1582 748 1642 tumultus
769 1581 928 1656 existeret,
943 1587 976 1640 et
990 1581 1186 1658 praesidibus

185 1688 418 1766 provinciarum
440 1687 631 1765 ,propagavit
654 1686 823 1764 imperium
846 1692 884 1746 ut
907 1705 926 1745 a
949 1685 1061 1763 peritis
1086 1691 1119 1745 et
1141 1705 1187 1745 as·

186 1794 283 1855 suetis
306 1793 383 1852 socii
404 1792 647 1852 continerentur.
689 1791 787 1851 Vovit
806 1796 838 1850 et
855 1809 983 1866 magnos
1005 1790 1095 1849 ludos
1118 1790 1210 1849 Iovi2

149 1914 177 1958 1⁶
186 1899 314 1977 Optimo
335 1897 484 1971 Maxim0,
501 1897 528 1955 si
543 1916 592 1955 res
606 1916 637 1974 p.
653 1897 687 1954 in
701 1896 861 1956 meliorem
883 1900 1001 1955 statum
1023 1895 1186 1956 vertisset:

186 2004 269 2081 quod
297 2003 418 2062 factum
446 2001 602 2062 Cimbrico
629 2001 827 2078 Marsicoque
856 2000 940 2060 bello
967 2006 1043 2060 erat.
1099 2000 1187 2059 Adeo

186 2108 321 2185 denique
346 2112 581 2167 consternatum
606 2106 713 2166 ierunt
737 2112 774 2166 ut
798 2125 855 2184 per
877 2104 1040 2165 continuos
1065 2123 1187 2165 menses
1227 2107 1229 2112 ’

185 2213 282 2274 barba
303 2212 479 2290 capilloque
502 2212 669 2272 summisso
690 2218 784 2289 eaput
806 2211 965 2271 interdum
987 2210 1107 2270 foribus
1129 2210 1188 2269 illi-

186 2319 274 2378 deret
294 2317 489 2377 vociferans:
511 2316 693 2387 Quintili
714 2319 826 2392 Vare,
842 2316 1028 2392 legiones
1048 2315 1186 2375 redde!

148 2423 331 2500 aodiemque
347 2422 445 2482 eladis
459 2422 627 2499 quotannis
643 2427 798 2481 maestum
811 2421 958 2480 habuerit
968 2441 1004 2481 ae
1014 2421 1187 2498 lugubrem.

227 2529 266 2587 In
281 2548 315 2588 re
329 2528 461 2587 militari
482 2532 514 2586 et
536 2527 741 2586 commutavit
762 2526 862 2612 multa
881 2532 914 2586 et
933 2526 1074 2586 instituit
1094 2531 1188 2603 atque
1211 2534 1248 2583 24

187 2634 283 2694 etiam
297 2633 337 2693 ad
351 2633 518 2709 antiquum
533 2651 651 2691 morem
665 2631 817 2691 nonnulla
834 2631 1002 2691 revocavit.
1043 2630 1190 2708 Discipli-

186 2758 260 2799 nam
279 2737 476 2798 severissime
498 2737 589 2796 rexit.
631 2737 681 2796 Ne
695 2736 869 2812 legatorum
885 2736 1013 2813 quidem
1034 2736 1188 2812 cuiquam,

186 2844 249 2903 nisi
263 2848 392 2919 gravate
411 2842 612 2918 hibernisque
632 2842 758 2901 demum
776 2840 944 2916 mensibus,
959 2841 1104 2919 permisit
1117 2860 1190 2900 uxo

148 2966 177 3010 aa
187 2968 253 3008 rem
264 2948 458 3008 intervisere.
486 2947 636 3024 Equitem
645 2949 694 3021 R,
705 2947 788 3023 quod
797 2946 918 3005 duobus
927 2946 1002 3006 filiis
1013 2947 1191 3006 adulescen-

187 3054 272 3114 tibus
295 3071 387 3114 causa
407 3052 604 3112 detrectandi
626 3052 813 3112 sacramenti
834 3051 964 3130 pollices
984 3057 1189 3129 amputasset,

187 3159 293 3236 ipsum
316 3157 459 3235 bonaque
481 3157 615 3217 subiecit
635 3157 762 3232 hastae3
791 3177 885 3234 quern
906 3162 1020 3232 tamen,
1042 3157 1125 3234 quod
1146 3157 1191 3215 in-

188 3263 305 3323 minere
325 3263 479 3340 emptioni
497 3263 680 3341 publicanos
704 3264 840 3340 videbat,
860 3264 974 3324 liberto
992 3282 1048 3322 suo
1067 3262 1190 3322 addixit

186 3374 224 3429 ut
238 3369 411 3445 relegatum
425 3369 458 3426 in
473 3389 564 3446 agros
584 3390 640 3448 pro
656 3370 754 3429 libero
773 3389 841 3430 esse
862 3370 986 3429 sineret.
1028 3369 1214 3428 Decimama
1273 3350 1275 3354 ’

147 3474 342 3550 solegionem
371 3476 584 3536 contumacius
613 3482 775 3553 parentem
800 3495 870 3535 cum
895 3475 1066 3552 ignominia
1090 3480 1190 3535 totam

187 3580 318 3656 dimisit,
349 3581 426 3641 item
453 3582 531 3642 alias
563 3581 749 3641 immodeste
780 3581 962 3642 missionem
993 3582 1189 3658 postulantes

187 3686 267 3747 eitra
299 3686 459 3746 commoda
490 3685 692 3746 emeritorum
723 3686 931 3767 praemiorum
966 3687 1188 3747 exauctoravit.
