2812 4140
193 245 235 308 80
276 255 305 306 c.
331 254 486 306 sunroru
508 254 737 317 raancumm
760 255 809 304 ns
833 254 924 304 vnn
947 253 1150 305 cassanum

192 428 243 489 vel
262 428 449 489 necessitate
470 446 619 506 expressa
632 428 683 488 vel
697 426 893 488 verecundia.
934 426 1067 503 Equites
1090 427 1128 486 R.
1143 445 1194 486 na

193 534 289 594 talem
310 533 377 594 eius
399 539 511 610 sponte
531 538 627 610 atque
649 551 800 593 consensu
814 531 910 591 biduo
925 550 1048 609 semper
1063 532 1195 591 celebra·

193 644 276 701 runt.
319 638 435 700 Omnes
456 639 581 698 ordines
596 638 629 697 in
648 638 751 698 lacum
772 637 863 698 Curti
884 637 1052 714 quotannis
1067 656 1105 696 ex
1119 643 1193 697 voto

193 764 251 824 pro
265 744 367 806 salute
388 744 454 804 eius
474 745 590 822 stipem
611 743 776 819 iaciebant,
791 743 868 803 item
882 742 956 803 Kal.
971 743 1039 802 Ian.
1055 748 1193 802 strenam

169 853 228 912 oin
241 852 398 931 Capitolio
419 853 515 913 etiam
536 852 722 926 absentior
740 870 803 928 qua
824 869 946 911 summa
966 850 1194 929 pretiosissima

193 959 322 1018 deorum
337 959 504 1018 simulacra
523 962 678 1018 mercatus
693 956 822 1017 vicatim
836 956 1010 1032 dedicabat,
1026 962 1061 1016 ut
1076 955 1195 1034 Apolli-

194 1081 266 1122 nem
294 1063 524 1124 Sandaliarium
552 1069 585 1123 et
612 1063 722 1122 Iovem
753 1063 949 1138 Tragoedum
979 1061 1112 1138 aliaque.
1155 1062 1218 1119 Ina

194 1167 426 1228 restitutionem
447 1167 610 1229 Palatinae
625 1168 735 1227 domus
750 1167 894 1227 incendio
915 1166 1099 1245 absumptae
1113 1171 1195 1225 vete-

194 1273 272 1348 rani,
293 1273 447 1348 decuriae,
473 1273 574 1333 tribus
599 1277 694 1350 atque
719 1273 815 1332 etiam
840 1271 1026 1348 singillatim
1050 1291 1067 1331 e
1092 1277 1194 1331 cetero

157 1394 185 1439 10
193 1397 305 1455 genere
329 1378 492 1437 hominum
516 1377 651 1461 libentes
675 1396 711 1437 ac
735 1396 792 1455 pro
814 1377 967 1437 facultate
988 1376 1121 1453 quisque
1145 1394 1196 1453 pe-

194 1484 301 1544 cunias
316 1484 525 1558 contulerunt,
540 1471 699 1542 delibante
713 1488 838 1543 tantum
853 1483 944 1542 modo
956 1501 991 1542 eo
1003 1500 1195 1542 summarum

193 1607 320 1649 acervos
341 1607 442 1665 neque
457 1608 495 1648 ex
510 1607 666 1665 quoquam
688 1588 759 1666 plus
781 1588 909 1648 denario
923 1587 1095 1648 auferente.
1138 1588 1196 1647 ae

193 1699 369 1754 vertentem
384 1713 422 1753 ex
437 1693 599 1770 provincia
619 1713 682 1752 non
704 1694 806 1753 solum
823 1694 938 1753 faustis
960 1692 1125 1768 ominibus,
1141 1693 1195 1752 sed

194 1803 227 1859 et
251 1799 420 1858 modulatis
448 1799 638 1858 carminibus
666 1798 943 1876 prosequebantur.
987 1797 1196 1858 Observatum

156 1903 290 1964 metium
317 1911 435 1980 estne,
458 1904 602 1982 quotiens
631 1904 778 1964 introiret
804 1903 923 1978 urbem,
945 1903 1136 1981 supplicium
1157 1903 1195 1962 de

193 2029 351 2087 qucquam
366 2015 549 2070 sumeretur.

233 2114 339 2174 Patris
353 2114 474 2192 patriae
489 2133 658 2191 cognomen
671 2115 813 2175 universi
823 2114 987 2192 repentino
999 2114 1195 2190 maximoque
1220 2119 1256 2169 58

195 2238 354 2280 consensu*
367 2220 550 2280 detulerunt
577 2221 622 2280 ei:
652 2221 755 2300 prima
775 2221 865 2300 plebs
887 2220 1042 2296 legatione
1063 2219 1196 2279 Antium

194 2325 308 2401 missa;
329 2324 412 2400 dein,
427 2325 501 2402 quia
517 2345 580 2384 non
597 2326 777 2403 recipiebat,
796 2325 919 2385 ineunti
940 2325 1058 2384 Romae
1080 2330 1197 2402 specta

42 2482 46 2493 .
156 2430 265 2491 rocula
285 2430 433 2517 frequens
455 2435 488 2490 et
507 2430 665 2505 laureata3
687 2450 759 2490 mox
780 2430 814 2489 in
838 2430 924 2490 curia
945 2435 1081 2506 senatus,
1095 2448 1196 2506 neque

194 2536 320 2595 decreto
334 2554 435 2612 neque
448 2535 685 2610 adclamatione,
701 2536 756 2595 sed
771 2555 826 2613 per
841 2535 1004 2597 Valerium
1017 2534 1195 2595 Messalam.

195 2641 228 2700 Is
253 2639 476 2700 mandantibus
501 2640 638 2700 cunctis:
670 2640 779 2710 Quod
806 2641 958 2716 bonum,
980 2640 1093 2717 inquit,
1119 2640 1220 2700 fau-2

196 2751 382 2822 stumque
408 2745 463 2805 sit
484 2746 563 2805 tibi
588 2745 804 2822 domuique
829 2751 932 2821 tuae,
958 2746 1105 2807 Caesar
1130 2745 1198 2802 Au-

195 2852 330 2926 guste!
362 2850 426 2910 Sic
451 2850 556 2910 enim
581 2869 651 2909 nos
677 2857 917 2929 perpetuam
945 2850 1198 2909 felicitatem

157 2956 255 3017 aerei
298 2975 327 3033 p.
364 2961 403 3015 et
431 2956 540 3015 laeta
573 2956 666 3016 huic
700 2956 862 3034 precari
896 2955 1197 3015 existimamus:

197 3066 365 3121 senatus
393 3067 431 3121 te
460 3062 726 3122 consentiens
755 3081 839 3122 cum
867 3061 1017 3139 populo
1046 3062 1084 3120 R.
1118 3079 1199 3120 con-

197 3167 354 3226 salutat
375 3167 538 3245 patriae
559 3173 724 3245 patrem.
767 3167 825 3228 (lui
847 3167 1013 3227 lacrimans
1036 3165 1199 3243 respondit

196 3272 358 3348 Augustus
406 3272 456 3332 his
499 3271 731 3350 verbis—ipsa
779 3273 871 3348 enim,
908 3273 990 3332 sicut
1033 3270 1198 3346 Messalae,

146 3406 151 3425 2
195 3377 344 3456 posui—2
380 3377 549 3456 Compos
596 3378 733 3438 factus
779 3385 968 3439 votorum
1015 3397 1198 3452 meorum,

157 3496 226 3561 eop.
250 3502 286 3559 c,
307 3483 405 3560 quid
426 3482 552 3544 habeo
573 3483 687 3543 aliud
716 3484 810 3543 deos
841 3483 1097 3544 immortales
1119 3502 1200 3562 pre

197 3588 283 3648 cari
312 3608 427 3665 quam
459 3595 502 3648 ut
533 3587 637 3648 hunc
668 3607 909 3648 consensum
939 3594 1121 3649 vestrum
1152 3588 1199 3648 ad

196 3694 387 3754 ultimum
409 3694 536 3753 finem
558 3694 670 3753 vitae
691 3693 790 3752 mihi
811 3694 1000 3770 perferre
1020 3694 1171 3755 liceat?
