<?xml version="1.0" encoding="UTF-8"?>
<!DOCTYPE html PUBLIC "-//W3C//DTD XHTML 1.0 Transitional//EN"
    "http://www.w3.org/TR/xhtml1/DTD/xhtml1-transitional.dtd">
<html xmlns="http://www.w3.org/1999/xhtml" xml:lang="en" lang="en">
 <head>
  <title>
</title>
<meta http-equiv="Content-Type" content="text/html;charset=utf-8" />
  <meta name='ocr-system' content='tesseract 3.04.00' />
  <meta name='ocr-capabilities' content='ocr_page ocr_carea ocr_par ocr_line ocrx_word'/>
</head>
<body>
  <div class='ocr_page' id='page_1' title='image "./gaisuetonitranq00suetgoog_0118.png"; bbox 0 0 2812 4140; ppageno 0'>
   <div class='ocr_carea' id='block_1_1' title="bbox 440 242 1328 306">
    <p class='ocr_par' dir='ltr' id='par_1_1' title="bbox 440 242 1328 306">
     <span class='ocr_line' id='line_1_1' title="bbox 440 242 1328 306; baseline 0 -1"><span class='ocrx_word' id='word_1_1' title='bbox 440 256 552 306; x_wconf 77' lang='lat' dir='ltr'><strong>rinna</strong></span> <span class='ocrx_word' id='word_1_2' title='bbox 576 254 612 306; x_wconf 88' lang='lat' dir='ltr'><strong>u.</strong></span> <span class='ocrx_word' id='word_1_3' title='bbox 650 254 762 305; x_wconf 87' lang='lat' dir='ltr'><strong>orvns</strong></span> <span class='ocrx_word' id='word_1_4' title='bbox 785 250 976 305; x_wconf 79' lang='lat' dir='ltr'><strong>Anousros</strong></span> <span class='ocrx_word' id='word_1_5' title='bbox 1018 248 1049 257; x_wconf 74' lang='grc'><strong>·’</strong></span> <span class='ocrx_word' id='word_1_6' title='bbox 1113 247 1115 251; x_wconf 75' lang='grc'>’</span> <span class='ocrx_word' id='word_1_7' title='bbox 1168 242 1209 305; x_wconf 82' lang='grc'><strong>59</strong></span> <span class='ocrx_word' id='word_1_8' title='bbox 1325 250 1328 255; x_wconf 88' lang='grc'><em>·</em></span> 
     </span>
    </p>
   </div>
   <div class='ocr_carea' id='block_1_2' title="bbox 102 412 1254 3453">
    <p class='ocr_par' dir='ltr' id='par_1_2' title="bbox 102 412 1254 3453">
     <span class='ocr_line' id='line_1_2' title="bbox 208 412 1208 505; baseline -0.003 -16"><span class='ocrx_word' id='word_1_9' title='bbox 208 428 369 504; x_wconf 81' lang='lat' dir='ltr'><strong>Cohortes,</strong></span> <span class='ocrx_word' id='word_1_10' title='bbox 385 429 411 487; x_wconf 90' lang='lat' dir='ltr'><strong>si</strong></span> <span class='ocrx_word' id='word_1_11' title='bbox 426 448 506 505; x_wconf 92' lang='lat' dir='ltr'><strong>quae</strong></span> <span class='ocrx_word' id='word_1_12' title='bbox 521 429 690 488; x_wconf 80' lang='lat' dir='ltr'><strong>cessissent</strong></span> <span class='ocrx_word' id='word_1_13' title='bbox 704 412 781 503; x_wconf 88' lang='lat' dir='ltr'><strong>loco,</strong></span> <span class='ocrx_word' id='word_1_14' title='bbox 792 427 963 486; x_wconf 87' lang='lat' dir='ltr'><strong>decimatas</strong></span> <span class='ocrx_word' id='word_1_15' title='bbox 979 426 1096 486; x_wconf 92' lang='lat' dir='ltr'><strong>hordeo</strong></span> <span class='ocrx_word' id='word_1_16' title='bbox 1111 427 1208 504; x_wconf 86' lang='lat' dir='ltr'><strong>pavit.</strong></span> 
     </span>
     <span class='ocr_line' id='line_1_3' title="bbox 208 531 1211 609; baseline -0.004 -15"><span class='ocrx_word' id='word_1_17' title='bbox 208 534 413 594; x_wconf 80' lang='lat' dir='ltr'><strong>Centuriones</strong></span> <span class='ocrx_word' id='word_1_18' title='bbox 429 534 565 593; x_wconf 88' lang='lat' dir='ltr'><strong>statione</strong></span> <span class='ocrx_word' id='word_1_19' title='bbox 579 534 712 607; x_wconf 86' lang='lat' dir='ltr'><strong>deserta,</strong></span> <span class='ocrx_word' id='word_1_20' title='bbox 725 533 835 592; x_wconf 92' lang='lat' dir='ltr'><strong>itidem</strong></span> <span class='ocrx_word' id='word_1_21' title='bbox 846 538 883 591; x_wconf 92' lang='lat' dir='ltr'><strong>ut</strong></span> <span class='ocrx_word' id='word_1_22' title='bbox 898 531 1118 609; x_wconf 80' lang='lat' dir='ltr'><strong>manipulares,</strong></span> <span class='ocrx_word' id='word_1_23' title='bbox 1130 532 1211 609; x_wconf 94' lang='lat' dir='ltr'><strong>capi-</strong></span> 
     </span>
     <span class='ocr_line' id='line_1_4' title="bbox 208 636 1210 716; baseline -0.003 -17"><span class='ocrx_word' id='word_1_24' title='bbox 208 638 266 699; x_wconf 88' lang='lat' dir='ltr'><strong>tali</strong></span> <span class='ocrx_word' id='word_1_25' title='bbox 280 638 550 698; x_wconf 86' lang='lat' dir='ltr'><strong>animadversione</strong></span> <span class='ocrx_word' id='word_1_26' title='bbox 571 638 686 716; x_wconf 92' lang='lat' dir='ltr'><strong>puniit,</strong></span> <span class='ocrx_word' id='word_1_27' title='bbox 700 657 758 715; x_wconf 89' lang='lat' dir='ltr'><strong>pro</strong></span> <span class='ocrx_word' id='word_1_28' title='bbox 773 643 875 697; x_wconf 90' lang='lat' dir='ltr'><strong>cetero</strong></span> <span class='ocrx_word' id='word_1_29' title='bbox 896 636 1083 696; x_wconf 85' lang='lat' dir='ltr'><strong>delictorum</strong></span> <span class='ocrx_word' id='word_1_30' title='bbox 1097 655 1210 712; x_wconf 86' lang='lat' dir='ltr'><strong>genere</strong></span> 
     </span>
     <span class='ocr_line' id='line_1_5' title="bbox 102 742 1210 821; baseline -0.002 -17"><span class='ocrx_word' id='word_1_31' title='bbox 102 805 105 812; x_wconf 82' lang='grc'><strong>,</strong></span> <span class='ocrx_word' id='word_1_32' title='bbox 208 745 304 804; x_wconf 90' lang='lat' dir='ltr'><strong>variis</strong></span> <span class='ocrx_word' id='word_1_33' title='bbox 319 744 487 820; x_wconf 88' lang='lat' dir='ltr'><strong>ignominis</strong></span> <span class='ocrx_word' id='word_1_34' title='bbox 506 743 635 819; x_wconf 80' lang='lat' dir='ltr'><strong>adfecit,</strong></span> <span class='ocrx_word' id='word_1_35' title='bbox 649 749 686 803; x_wconf 94' lang='lat' dir='ltr'><strong>ut</strong></span> <span class='ocrx_word' id='word_1_36' title='bbox 700 749 783 803; x_wconf 89' lang='lat' dir='ltr'><strong>stare</strong></span> <span class='ocrx_word' id='word_1_37' title='bbox 798 763 854 821; x_wconf 90' lang='lat' dir='ltr'><strong>per</strong></span> <span class='ocrx_word' id='word_1_38' title='bbox 868 748 971 802; x_wconf 88' lang='lat' dir='ltr'><strong>totum</strong></span> <span class='ocrx_word' id='word_1_39' title='bbox 989 743 1073 801; x_wconf 92' lang='lat' dir='ltr'><strong>diem</strong></span> <span class='ocrx_word' id='word_1_40' title='bbox 1088 742 1210 802; x_wconf 91' lang='lat' dir='ltr'><strong>iuberet</strong></span> 
     </span>
     <span class='ocr_line' id='line_1_6' title="bbox 207 848 1233 927; baseline -0.004 -17"><span class='ocrx_word' id='word_1_41' title='bbox 207 856 281 910; x_wconf 89' lang='lat' dir='ltr'><strong>ante</strong></span> <span class='ocrx_word' id='word_1_42' title='bbox 302 851 503 927; x_wconf 90' lang='lat' dir='ltr'><strong>praetorium,</strong></span> <span class='ocrx_word' id='word_1_43' title='bbox 519 850 683 924; x_wconf 82' lang='lat' dir='ltr'><strong>¹interdum</strong></span> <span class='ocrx_word' id='word_1_44' title='bbox 704 849 861 909; x_wconf 85' lang='lat' dir='ltr'><strong>tunicatos</strong></span> <span class='ocrx_word' id='word_1_45' title='bbox 882 848 1122 925; x_wconf 88' lang='lat' dir='ltr'><strong>discinctosque,</strong></span> <span class='ocrx_word' id='word_1_46' title='bbox 1137 862 1233 908; x_wconf 80' lang='lat' dir='ltr'><strong>non-5</strong></span> 
     </span>
     <span class='ocr_line' id='line_1_7' title="bbox 208 954 1208 1033; baseline 0 -19"><span class='ocrx_word' id='word_1_47' title='bbox 208 975 379 1032; x_wconf 89' lang='lat' dir='ltr'><strong>numquam</strong></span> <span class='ocrx_word' id='word_1_48' title='bbox 391 974 462 1014; x_wconf 91' lang='lat' dir='ltr'><strong>cum</strong></span> <span class='ocrx_word' id='word_1_49' title='bbox 475 955 674 1033; x_wconf 88' lang='lat' dir='ltr'><strong>decempedis</strong></span> <span class='ocrx_word' id='word_1_50' title='bbox 685 954 736 1015; x_wconf 89' lang='lat' dir='ltr'><strong>vel</strong></span> <span class='ocrx_word' id='word_1_51' title='bbox 748 955 844 1014; x_wconf 89' lang='lat' dir='ltr'><strong>etiam</strong></span> <span class='ocrx_word' id='word_1_52' title='bbox 856 954 1026 1031; x_wconf 86' lang='lat' dir='ltr'><strong>caespitem</strong></span> <span class='ocrx_word' id='word_1_53' title='bbox 1037 958 1208 1031; x_wconf 89' lang='lat' dir='ltr'><strong>portantes.</strong></span> 
     </span>
     <span class='ocr_line' id='line_1_8' title="bbox 149 1059 1211 1138; baseline 0.003 -24"><span class='ocrx_word' id='word_1_54' title='bbox 149 1065 184 1114; x_wconf 78' lang='lat'><strong>25</strong></span> <span class='ocrx_word' id='word_1_55' title='bbox 247 1062 358 1137; x_wconf 85' lang='lat' dir='ltr'><strong>Neque</strong></span> <span class='ocrx_word' id='word_1_56' title='bbox 373 1066 446 1138; x_wconf 90' lang='lat' dir='ltr'><strong>post</strong></span> <span class='ocrx_word' id='word_1_57' title='bbox 459 1060 543 1120; x_wconf 89' lang='lat' dir='ltr'><strong>bella</strong></span> <span class='ocrx_word' id='word_1_58' title='bbox 557 1060 664 1120; x_wconf 79' lang='lat' dir='ltr'><strong>civilia</strong></span> <span class='ocrx_word' id='word_1_59' title='bbox 674 1065 729 1119; x_wconf 88' lang='lat' dir='ltr'><strong>aut</strong></span> <span class='ocrx_word' id='word_1_60' title='bbox 741 1059 774 1117; x_wconf 91' lang='lat' dir='ltr'><strong>in</strong></span> <span class='ocrx_word' id='word_1_61' title='bbox 786 1059 928 1118; x_wconf 88' lang='lat' dir='ltr'><strong>contione</strong></span> <span class='ocrx_word' id='word_1_62' title='bbox 938 1065 995 1119; x_wconf 93' lang='lat' dir='ltr'><strong>aut</strong></span> <span class='ocrx_word' id='word_1_63' title='bbox 1004 1079 1061 1137; x_wconf 90' lang='lat' dir='ltr'><strong>per</strong></span> <span class='ocrx_word' id='word_1_64' title='bbox 1072 1059 1211 1118; x_wconf 92' lang='lat' dir='ltr'><strong>edictum</strong></span> 
     </span>
     <span class='ocr_line' id='line_1_9' title="bbox 208 1163 1210 1242; baseline -0.001 -17"><span class='ocrx_word' id='word_1_65' title='bbox 208 1166 288 1225; x_wconf 93' lang='lat' dir='ltr'><strong>ullos</strong></span> <span class='ocrx_word' id='word_1_66' title='bbox 304 1166 442 1226; x_wconf 91' lang='lat' dir='ltr'><strong>militum</strong></span> <span class='ocrx_word' id='word_1_67' title='bbox 456 1166 685 1225; x_wconf 88' lang='lat' dir='ltr'><strong>commilitones</strong></span> <span class='ocrx_word' id='word_1_68' title='bbox 702 1163 893 1242; x_wconf 88' lang='lat' dir='ltr'><strong>appellabat,</strong></span> <span class='ocrx_word' id='word_1_69' title='bbox 908 1165 963 1224; x_wconf 91' lang='lat' dir='ltr'><strong>sed</strong></span> <span class='ocrx_word' id='word_1_70' title='bbox 978 1165 1106 1239; x_wconf 86' lang='lat' dir='ltr'><strong>milites,</strong></span> <span class='ocrx_word' id='word_1_71' title='bbox 1120 1183 1157 1237; x_wconf 86' lang='lat' dir='ltr'><strong>ac</strong></span> <span class='ocrx_word' id='word_1_72' title='bbox 1170 1183 1210 1224; x_wconf 92' lang='lat' dir='ltr'><strong>ne</strong></span> 
     </span>
     <span class='ocr_line' id='line_1_10' title="bbox 202 1268 1210 1348; baseline -0.003 -18"><span class='ocrx_word' id='word_1_73' title='bbox 202 1290 227 1330; x_wconf 84' lang='lat' dir='ltr'><strong>a</strong></span> <span class='ocrx_word' id='word_1_74' title='bbox 239 1270 314 1329; x_wconf 91' lang='lat' dir='ltr'><strong>filiis</strong></span> <span class='ocrx_word' id='word_1_75' title='bbox 330 1270 459 1348; x_wconf 91' lang='lat' dir='ltr'><strong>quidem</strong></span> <span class='ocrx_word' id='word_1_76' title='bbox 471 1277 527 1330; x_wconf 89' lang='lat' dir='ltr'><strong>aut</strong></span> <span class='ocrx_word' id='word_1_77' title='bbox 540 1270 695 1348; x_wconf 86' lang='lat' dir='ltr'><strong>privignis</strong></span> <span class='ocrx_word' id='word_1_78' title='bbox 712 1270 777 1329; x_wconf 90' lang='lat' dir='ltr'><strong>suis</strong></span> <span class='ocrx_word' id='word_1_79' title='bbox 793 1268 926 1347; x_wconf 89' lang='lat' dir='ltr'><strong>imperio</strong></span> <span class='ocrx_word' id='word_1_80' title='bbox 944 1270 1097 1347; x_wconf 86' lang='lat' dir='ltr'><strong>praeditis</strong></span> <span class='ocrx_word' id='word_1_81' title='bbox 1117 1269 1210 1329; x_wconf 91' lang='lat' dir='ltr'><strong>aliter</strong></span> 
     </span>
     <span class='ocr_line' id='line_1_11' title="bbox 208 1373 1249 1457; baseline 0 -23"><span class='ocrx_word' id='word_1_82' title='bbox 208 1375 362 1453; x_wconf 89' lang='lat' dir='ltr'><strong>appellari</strong></span> <span class='ocrx_word' id='word_1_83' title='bbox 377 1395 488 1454; x_wconf 88' lang='lat' dir='ltr'><strong>passus</strong></span> <span class='ocrx_word' id='word_1_84' title='bbox 504 1381 562 1451; x_wconf 90' lang='lat' dir='ltr'><strong>est,</strong></span> <span class='ocrx_word' id='word_1_85' title='bbox 577 1375 774 1435; x_wconf 84' lang='lat' dir='ltr'><strong>ambitiosius</strong></span> <span class='ocrx_word' id='word_1_86' title='bbox 795 1374 828 1432; x_wconf 96' lang='lat' dir='ltr'><strong>id</strong></span> <span class='ocrx_word' id='word_1_87' title='bbox 846 1373 1031 1434; x_wconf 85' lang='lat' dir='ltr'><strong>existimans</strong></span> <span class='ocrx_word' id='word_1_88' title='bbox 1046 1393 1141 1453; x_wconf 89' lang='lat' dir='ltr'><strong>quam</strong></span> <span class='ocrx_word' id='word_1_89' title='bbox 1155 1379 1249 1457; x_wconf 83' lang='lat' dir='ltr'><strong>aut10</strong></span> 
     </span>
     <span class='ocr_line' id='line_1_12' title="bbox 208 1475 1210 1559; baseline -0.003 -18"><span class='ocrx_word' id='word_1_90' title='bbox 208 1481 289 1541; x_wconf 87' lang='lat' dir='ltr'><strong>ratio</strong></span> <span class='ocrx_word' id='word_1_91' title='bbox 313 1480 460 1541; x_wconf 88' lang='lat' dir='ltr'><strong>militaris</strong></span> <span class='ocrx_word' id='word_1_92' title='bbox 486 1487 542 1541; x_wconf 87' lang='lat' dir='ltr'><strong>aut</strong></span> <span class='ocrx_word' id='word_1_93' title='bbox 566 1487 744 1559; x_wconf 89' lang='lat' dir='ltr'><strong>temporum</strong></span> <span class='ocrx_word' id='word_1_94' title='bbox 769 1475 858 1557; x_wconf 85' lang='lat' dir='ltr'><strong>quies</strong></span> <span class='ocrx_word' id='word_1_95' title='bbox 880 1485 936 1539; x_wconf 90' lang='lat' dir='ltr'><strong>aut</strong></span> <span class='ocrx_word' id='word_1_96' title='bbox 961 1499 1017 1539; x_wconf 92' lang='lat' dir='ltr'><strong>sua</strong></span> <span class='ocrx_word' id='word_1_97' title='bbox 1037 1479 1210 1556; x_wconf 90' lang='lat' dir='ltr'><strong>domusque</strong></span> 
     </span>
     <span class='ocr_line' id='line_1_13' title="bbox 184 1584 1210 1664; baseline -0.002 -19"><span class='ocrx_word' id='word_1_98' title='bbox 184 1601 282 1646; x_wconf 83' lang='lat' dir='ltr'><strong>asuae</strong></span> <span class='ocrx_word' id='word_1_99' title='bbox 297 1585 444 1646; x_wconf 88' lang='lat' dir='ltr'><strong>maiestas</strong></span> <span class='ocrx_word' id='word_1_100' title='bbox 458 1585 643 1664; x_wconf 89' lang='lat' dir='ltr'><strong>postularet.</strong></span> <span class='ocrx_word' id='word_1_101' title='bbox 686 1585 849 1645; x_wconf 88' lang='lat' dir='ltr'><strong>Libertino</strong></span> <span class='ocrx_word' id='word_1_102' title='bbox 865 1584 975 1660; x_wconf 88' lang='lat' dir='ltr'><strong>milite,</strong></span> <span class='ocrx_word' id='word_1_103' title='bbox 990 1590 1210 1662; x_wconf 83' lang='lat' dir='ltr'><strong>praeterquam</strong></span> 
     </span>
     <span class='ocr_line' id='line_1_14' title="bbox 209 1690 1213 1766; baseline 0 -16"><span class='ocrx_word' id='word_1_104' title='bbox 209 1693 326 1752; x_wconf 83' lang='lat' dir='ltr'><strong>Romae</strong></span> <span class='ocrx_word' id='word_1_105' title='bbox 348 1691 563 1751; x_wconf 88' lang='lat' dir='ltr'><strong>incendiorum</strong></span> <span class='ocrx_word' id='word_1_106' title='bbox 585 1710 678 1751; x_wconf 88' lang='lat' dir='ltr'><strong>causa</strong></span> <span class='ocrx_word' id='word_1_107' title='bbox 691 1696 725 1750; x_wconf 94' lang='lat' dir='ltr'><strong>et</strong></span> <span class='ocrx_word' id='word_1_108' title='bbox 739 1691 766 1749; x_wconf 92' lang='lat' dir='ltr'><strong>si</strong></span> <span class='ocrx_word' id='word_1_109' title='bbox 781 1691 936 1751; x_wconf 91' lang='lat' dir='ltr'><strong>tumultus</strong></span> <span class='ocrx_word' id='word_1_110' title='bbox 951 1690 985 1748; x_wconf 90' lang='lat' dir='ltr'><strong>in</strong></span> <span class='ocrx_word' id='word_1_111' title='bbox 999 1690 1142 1766; x_wconf 79' lang='lat' dir='ltr'><strong>graviore</strong></span> <span class='ocrx_word' id='word_1_112' title='bbox 1160 1709 1213 1750; x_wconf 89' lang='lat' dir='ltr'><strong>an·</strong></span> 
     </span>
     <span class='ocr_line' id='line_1_15' title="bbox 208 1794 1211 1873; baseline -0.002 -19"><span class='ocrx_word' id='word_1_113' title='bbox 208 1815 290 1856; x_wconf 93' lang='lat' dir='ltr'><strong>nona</strong></span> <span class='ocrx_word' id='word_1_114' title='bbox 321 1802 522 1872; x_wconf 89' lang='lat' dir='ltr'><strong>metueretur,</strong></span> <span class='ocrx_word' id='word_1_115' title='bbox 550 1795 599 1855; x_wconf 93' lang='lat' dir='ltr'><strong>bis</strong></span> <span class='ocrx_word' id='word_1_116' title='bbox 627 1815 702 1855; x_wconf 92' lang='lat' dir='ltr'><strong>usus</strong></span> <span class='ocrx_word' id='word_1_117' title='bbox 731 1801 797 1855; x_wconf 91' lang='lat' dir='ltr'><strong>est:</strong></span> <span class='ocrx_word' id='word_1_118' title='bbox 827 1794 922 1854; x_wconf 91' lang='lat' dir='ltr'><strong>semel</strong></span> <span class='ocrx_word' id='word_1_119' title='bbox 950 1795 991 1854; x_wconf 86' lang='lat' dir='ltr'><strong>ad</strong></span> <span class='ocrx_word' id='word_1_120' title='bbox 1019 1795 1211 1873; x_wconf 89' lang='lat' dir='ltr'><strong>praesidium</strong></span> 
     </span>
     <span class='ocr_line' id='line_1_16' title="bbox 210 1900 1250 1980; baseline -0.003 -19"><span class='ocrx_word' id='word_1_121' title='bbox 210 1901 400 1962; x_wconf 88' lang='lat' dir='ltr'><strong>coloniarum</strong></span> <span class='ocrx_word' id='word_1_122' title='bbox 421 1902 587 1980; x_wconf 87' lang='lat' dir='ltr'><strong>Illyricum</strong></span> <span class='ocrx_word' id='word_1_123' title='bbox 609 1901 867 1977; x_wconf 82' lang='lat' dir='ltr'><strong>contingentium,</strong></span> <span class='ocrx_word' id='word_1_124' title='bbox 883 1900 999 1960; x_wconf 89' lang='lat' dir='ltr'><strong>iterum</strong></span> <span class='ocrx_word' id='word_1_125' title='bbox 1016 1901 1057 1960; x_wconf 78' lang='lat' dir='ltr'><strong>ad</strong></span> <span class='ocrx_word' id='word_1_126' title='bbox 1079 1900 1211 1960; x_wconf 91' lang='lat' dir='ltr'><strong>tutelam</strong></span> <span class='ocrx_word' id='word_1_127' title='bbox 1222 1913 1250 1958; x_wconf 82' lang='lat'><strong>15</strong></span> 
     </span>
     <span class='ocr_line' id='line_1_17' title="bbox 209 2004 1214 2084; baseline -0.003 -20"><span class='ocrx_word' id='word_1_128' title='bbox 209 2007 296 2084; x_wconf 90' lang='lat' dir='ltr'><strong>ripae</strong></span> <span class='ocrx_word' id='word_1_129' title='bbox 317 2005 422 2065; x_wconf 88' lang='lat' dir='ltr'><strong>Rheni</strong></span> <span class='ocrx_word' id='word_1_130' title='bbox 442 2005 600 2081; x_wconf 80' lang='lat' dir='ltr'><strong>fluminis3</strong></span> <span class='ocrx_word' id='word_1_131' title='bbox 629 2025 753 2083; x_wconf 91' lang='lat' dir='ltr'><strong>eosque,</strong></span> <span class='ocrx_word' id='word_1_132' title='bbox 775 2024 880 2065; x_wconf 87' lang='lat' dir='ltr'><strong>servos</strong></span> <span class='ocrx_word' id='word_1_133' title='bbox 902 2005 1005 2064; x_wconf 90' lang='lat' dir='ltr'><strong>adhuc</strong></span> <span class='ocrx_word' id='word_1_134' title='bbox 1025 2005 1103 2064; x_wconf 85' lang='lat' dir='ltr'><strong>viris</strong></span> <span class='ocrx_word' id='word_1_135' title='bbox 1124 2004 1214 2064; x_wconf 83' lang='lat' dir='ltr'><strong>lemi-</strong></span> 
     </span>
     <span class='ocr_line' id='line_1_18' title="bbox 209 2109 1211 2188; baseline -0.002 -19"><span class='ocrx_word' id='word_1_136' title='bbox 209 2112 320 2187; x_wconf 89' lang='lat' dir='ltr'><strong>nisque</strong></span> <span class='ocrx_word' id='word_1_137' title='bbox 336 2111 604 2188; x_wconf 90' lang='lat' dir='ltr'><strong>pecuniosioribus</strong></span> <span class='ocrx_word' id='word_1_138' title='bbox 620 2111 755 2169; x_wconf 89' lang='lat' dir='ltr'><strong>indictos</strong></span> <span class='ocrx_word' id='word_1_139' title='bbox 767 2129 803 2170; x_wconf 87' lang='lat' dir='ltr'><strong>ac</strong></span> <span class='ocrx_word' id='word_1_140' title='bbox 814 2110 882 2169; x_wconf 90' lang='lat' dir='ltr'><strong>sine</strong></span> <span class='ocrx_word' id='word_1_141' title='bbox 893 2129 979 2170; x_wconf 91' lang='lat' dir='ltr'><strong>mora</strong></span> <span class='ocrx_word' id='word_1_142' title='bbox 994 2109 1211 2182; x_wconf 87' lang='lat' dir='ltr'><strong>manumissos,</strong></span> 
     </span>
     <span class='ocr_line' id='line_1_19' title="bbox 210 2215 1213 2292; baseline -0.002 -18"><span class='ocrx_word' id='word_1_143' title='bbox 210 2217 268 2275; x_wconf 91' lang='lat' dir='ltr'><strong>sub</strong></span> <span class='ocrx_word' id='word_1_144' title='bbox 287 2216 390 2292; x_wconf 87' lang='lat' dir='ltr'><strong>priore</strong></span> <span class='ocrx_word' id='word_1_145' title='bbox 406 2216 522 2275; x_wconf 86' lang='lat' dir='ltr'><strong>vexillo</strong></span> <span class='ocrx_word' id='word_1_146' title='bbox 542 2216 663 2291; x_wconf 89' lang='lat' dir='ltr'><strong>habuit,</strong></span> <span class='ocrx_word' id='word_1_147' title='bbox 677 2234 779 2292; x_wconf 93' lang='lat' dir='ltr'><strong>neque</strong></span> <span class='ocrx_word' id='word_1_148' title='bbox 800 2220 856 2274; x_wconf 90' lang='lat' dir='ltr'><strong>aut</strong></span> <span class='ocrx_word' id='word_1_149' title='bbox 877 2215 1061 2274; x_wconf 84' lang='lat' dir='ltr'><strong>commixtos</strong></span> <span class='ocrx_word' id='word_1_150' title='bbox 1084 2234 1154 2273; x_wconf 94' lang='lat' dir='ltr'><strong>cum</strong></span> <span class='ocrx_word' id='word_1_151' title='bbox 1169 2215 1213 2272; x_wconf 91' lang='lat' dir='ltr'><strong>in-</strong></span> 
     </span>
     <span class='ocr_line' id='line_1_20' title="bbox 209 2320 777 2396; baseline -0.002 -16"><span class='ocrx_word' id='word_1_152' title='bbox 209 2320 318 2396; x_wconf 82' lang='lat' dir='ltr'><strong>genuis</strong></span> <span class='ocrx_word' id='word_1_153' title='bbox 333 2326 389 2380; x_wconf 94' lang='lat' dir='ltr'><strong>aut</strong></span> <span class='ocrx_word' id='word_1_154' title='bbox 402 2321 512 2380; x_wconf 93' lang='lat' dir='ltr'><strong>eodem</strong></span> <span class='ocrx_word' id='word_1_155' title='bbox 526 2321 618 2380; x_wconf 95' lang='lat' dir='ltr'><strong>modo</strong></span> <span class='ocrx_word' id='word_1_156' title='bbox 632 2325 777 2380; x_wconf 85' lang='lat' dir='ltr'><strong>armatos</strong></span> 
     </span>
     <span class='ocr_line' id='line_1_21' title="bbox 186 2425 1252 2503; baseline 0.004 -21"><span class='ocrx_word' id='word_1_157' title='bbox 186 2438 201 2482; x_wconf 88' lang='grc'>3</span> <span class='ocrx_word' id='word_1_158' title='bbox 249 2428 339 2486; x_wconf 89' lang='lat' dir='ltr'><strong>Dona</strong></span> <span class='ocrx_word' id='word_1_159' title='bbox 361 2425 512 2486; x_wconf 87' lang='lat' dir='ltr'><strong>militaria</strong></span> <span class='ocrx_word' id='word_1_160' title='bbox 531 2426 695 2503; x_wconf 90' lang='lat' dir='ltr'><strong>aliquanto</strong></span> <span class='ocrx_word' id='word_1_161' title='bbox 716 2425 841 2486; x_wconf 81' lang='lat' dir='ltr'><strong>facilius</strong></span> <span class='ocrx_word' id='word_1_162' title='bbox 863 2425 1007 2503; x_wconf 90' lang='lat' dir='ltr'><strong>phaleras</strong></span> <span class='ocrx_word' id='word_1_163' title='bbox 1024 2430 1057 2485; x_wconf 90' lang='lat' dir='ltr'><strong>et</strong></span> <span class='ocrx_word' id='word_1_164' title='bbox 1075 2431 1212 2502; x_wconf 92' lang='lat' dir='ltr'><strong>torques,</strong></span> <span class='ocrx_word' id='word_1_165' title='bbox 1222 2438 1252 2486; x_wconf 83' lang='lat' dir='ltr'><strong>ao</strong></span> 
     </span>
     <span class='ocr_line' id='line_1_22' title="bbox 210 2530 1215 2609; baseline -0.001 -20"><span class='ocrx_word' id='word_1_166' title='bbox 210 2531 360 2608; x_wconf 88' lang='lat' dir='ltr'><strong>quiequid</strong></span> <span class='ocrx_word' id='word_1_167' title='bbox 384 2551 461 2591; x_wconf 92' lang='lat' dir='ltr'><strong>auro</strong></span> <span class='ocrx_word' id='word_1_168' title='bbox 489 2538 681 2609; x_wconf 84' lang='lat' dir='ltr'><strong>argentoque</strong></span> <span class='ocrx_word' id='word_1_169' title='bbox 711 2536 878 2606; x_wconf 87' lang='lat' dir='ltr'><strong>constaret,</strong></span> <span class='ocrx_word' id='word_1_170' title='bbox 901 2550 995 2608; x_wconf 90' lang='lat' dir='ltr'><strong>quam</strong></span> <span class='ocrx_word' id='word_1_171' title='bbox 1019 2530 1152 2589; x_wconf 86' lang='lat' dir='ltr'><strong>vallares</strong></span> <span class='ocrx_word' id='word_1_172' title='bbox 1176 2548 1215 2589; x_wconf 92' lang='lat' dir='ltr'><strong>ac</strong></span> 
     </span>
     <span class='ocr_line' id='line_1_23' title="bbox 212 2634 1212 2715; baseline -0.001 -20"><span class='ocrx_word' id='word_1_173' title='bbox 212 2637 346 2697; x_wconf 90' lang='lat' dir='ltr'><strong>murales</strong></span> <span class='ocrx_word' id='word_1_174' title='bbox 369 2656 507 2712; x_wconf 89' lang='lat' dir='ltr'><strong>coronas,</strong></span> <span class='ocrx_word' id='word_1_175' title='bbox 529 2656 608 2714; x_wconf 90' lang='lat' dir='ltr'><strong>quae</strong></span> <span class='ocrx_word' id='word_1_176' title='bbox 629 2637 747 2696; x_wconf 90' lang='lat' dir='ltr'><strong>honore</strong></span> <span class='ocrx_word' id='word_1_177' title='bbox 767 2636 1002 2715; x_wconf 84' lang='lat' dir='ltr'><strong>praecellerent,</strong></span> <span class='ocrx_word' id='word_1_178' title='bbox 1023 2635 1135 2710; x_wconf 83' lang='lat' dir='ltr'><strong>dabat3</strong></span> <span class='ocrx_word' id='word_1_179' title='bbox 1155 2634 1212 2694; x_wconf 88' lang='lat' dir='ltr'><strong>has</strong></span> 
     </span>
     <span class='ocr_line' id='line_1_24' title="bbox 211 2739 1214 2819; baseline -0.003 -18"><span class='ocrx_word' id='word_1_180' title='bbox 211 2762 305 2819; x_wconf 86' lang='lat' dir='ltr'><strong>quarn</strong></span> <span class='ocrx_word' id='word_1_181' title='bbox 327 2741 509 2818; x_wconf 85' lang='lat' dir='ltr'><strong>parcissime</strong></span> <span class='ocrx_word' id='word_1_182' title='bbox 523 2747 556 2801; x_wconf 92' lang='lat' dir='ltr'><strong>et</strong></span> <span class='ocrx_word' id='word_1_183' title='bbox 574 2742 641 2801; x_wconf 91' lang='lat' dir='ltr'><strong>sine</strong></span> <span class='ocrx_word' id='word_1_184' title='bbox 662 2742 833 2802; x_wconf 91' lang='lat' dir='ltr'><strong>ambitione</strong></span> <span class='ocrx_word' id='word_1_185' title='bbox 854 2761 891 2802; x_wconf 93' lang='lat' dir='ltr'><strong>ac</strong></span> <span class='ocrx_word' id='word_1_186' title='bbox 912 2760 1005 2818; x_wconf 87' lang='lat' dir='ltr'><strong>saepe</strong></span> <span class='ocrx_word' id='word_1_187' title='bbox 1026 2740 1122 2800; x_wconf 89' lang='lat' dir='ltr'><strong>ctiam</strong></span> <span class='ocrx_word' id='word_1_188' title='bbox 1143 2739 1214 2799; x_wconf 87' lang='lat' dir='ltr'><strong>eali-</strong></span> 
     </span>
     <span class='ocr_line' id='line_1_25' title="bbox 212 2846 1214 2925; baseline -0.003 -18"><span class='ocrx_word' id='word_1_189' title='bbox 212 2848 292 2924; x_wconf 86' lang='lat' dir='ltr'><strong>gatis</strong></span> <span class='ocrx_word' id='word_1_190' title='bbox 321 2848 442 2907; x_wconf 89' lang='lat' dir='ltr'><strong>tribuit.</strong></span> <span class='ocrx_word' id='word_1_191' title='bbox 470 2900 473 2905; x_wconf 19' lang='grc'><strong><em>4</em></strong></span> <span class='ocrx_word' id='word_1_192' title='bbox 499 2849 556 2921; x_wconf 64' lang='lat' dir='ltr'><strong>M„</strong></span> <span class='ocrx_word' id='word_1_193' title='bbox 570 2848 745 2925; x_wconf 84' lang='lat' dir='ltr'><strong>Agrippam</strong></span> <span class='ocrx_word' id='word_1_194' title='bbox 773 2848 807 2906; x_wconf 89' lang='lat' dir='ltr'><strong>in</strong></span> <span class='ocrx_word' id='word_1_195' title='bbox 835 2847 943 2907; x_wconf 84' lang='lat' dir='ltr'><strong>Sicilia</strong></span> <span class='ocrx_word' id='word_1_196' title='bbox 971 2852 1043 2924; x_wconf 93' lang='lat' dir='ltr'><strong>post</strong></span> <span class='ocrx_word' id='word_1_197' title='bbox 1069 2846 1214 2906; x_wconf 89' lang='lat' dir='ltr'><strong>navalem</strong></span> 
     </span>
     <span class='ocr_line' id='line_1_26' title="bbox 211 2951 1254 3028; baseline -0.002 -16"><span class='ocrx_word' id='word_1_198' title='bbox 211 2952 376 3014; x_wconf 81' lang='lat' dir='ltr'><strong>victoriam</strong></span> <span class='ocrx_word' id='word_1_199' title='bbox 400 2952 542 3013; x_wconf 83' lang='lat' dir='ltr'><strong>caemleo</strong></span> <span class='ocrx_word' id='word_1_200' title='bbox 562 2952 680 3012; x_wconf 86' lang='lat' dir='ltr'><strong>vexillo</strong></span> <span class='ocrx_word' id='word_1_201' title='bbox 701 2953 839 3017; x_wconf 89' lang='lat' dir='ltr'><strong>donavit.</strong></span> <span class='ocrx_word' id='word_1_202' title='bbox 883 2952 970 3012; x_wconf 82' lang='lat' dir='ltr'><strong>Solos</strong></span> <span class='ocrx_word' id='word_1_203' title='bbox 997 2951 1254 3028; x_wconf 79' lang='lat' dir='ltr'><strong>triumphales,2e</strong></span> 
     </span>
     <span class='ocr_line' id='line_1_27' title="bbox 212 3056 1216 3135; baseline -0.001 -19"><span class='ocrx_word' id='word_1_204' title='bbox 212 3077 401 3135; x_wconf 89' lang='lat' dir='ltr'><strong>quamquam</strong></span> <span class='ocrx_word' id='word_1_205' title='bbox 421 3063 455 3118; x_wconf 90' lang='lat' dir='ltr'><strong>et</strong></span> <span class='ocrx_word' id='word_1_206' title='bbox 476 3057 575 3117; x_wconf 88' lang='lat' dir='ltr'><strong>socios</strong></span> <span class='ocrx_word' id='word_1_207' title='bbox 597 3057 833 3135; x_wconf 84' lang='lat' dir='ltr'><strong>expeditionum</strong></span> <span class='ocrx_word' id='word_1_208' title='bbox 853 3065 885 3118; x_wconf 96' lang='lat' dir='ltr'><strong>et</strong></span> <span class='ocrx_word' id='word_1_209' title='bbox 906 3057 1076 3135; x_wconf 88' lang='lat' dir='ltr'><strong>participes</strong></span> <span class='ocrx_word' id='word_1_210' title='bbox 1091 3056 1216 3116; x_wconf 86' lang='lat' dir='ltr'><strong>victori-</strong></span> 
     </span>
     <span class='ocr_line' id='line_1_28' title="bbox 212 3155 1215 3241; baseline -0.002 -18"><span class='ocrx_word' id='word_1_211' title='bbox 212 3183 300 3223; x_wconf 88' lang='lat' dir='ltr'><strong>arum</strong></span> <span class='ocrx_word' id='word_1_212' title='bbox 315 3182 450 3238; x_wconf 88' lang='lat' dir='ltr'><strong>suarum,</strong></span> <span class='ocrx_word' id='word_1_213' title='bbox 461 3182 633 3240; x_wconf 91' lang='lat' dir='ltr'><strong>numquam</strong></span> <span class='ocrx_word' id='word_1_214' title='bbox 646 3162 737 3222; x_wconf 90' lang='lat' dir='ltr'><strong>donis</strong></span> <span class='ocrx_word' id='word_1_215' title='bbox 752 3164 976 3241; x_wconf 89' lang='lat' dir='ltr'><strong>impertiendos</strong></span> <span class='ocrx_word' id='word_1_216' title='bbox 992 3155 1117 3240; x_wconf 73' lang='lat' dir='ltr'><strong>putarit</strong></span> <span class='ocrx_word' id='word_1_217' title='bbox 1131 3162 1215 3239; x_wconf 92' lang='lat' dir='ltr'><strong>quod</strong></span> 
     </span>
     <span class='ocr_line' id='line_1_29' title="bbox 212 3268 1213 3346; baseline 0.001 -20"><span class='ocrx_word' id='word_1_218' title='bbox 212 3269 275 3345; x_wconf 88' lang='lat' dir='ltr'><strong>ipsi</strong></span> <span class='ocrx_word' id='word_1_219' title='bbox 296 3288 419 3344; x_wconf 90' lang='lat' dir='ltr'><strong>quoque</strong></span> <span class='ocrx_word' id='word_1_220' title='bbox 440 3268 489 3328; x_wconf 89' lang='lat' dir='ltr'><strong>ius</strong></span> <span class='ocrx_word' id='word_1_221' title='bbox 511 3268 695 3328; x_wconf 91' lang='lat' dir='ltr'><strong>habuissent</strong></span> <span class='ocrx_word' id='word_1_222' title='bbox 716 3269 876 3328; x_wconf 88' lang='lat' dir='ltr'><strong>tribuendi</strong></span> <span class='ocrx_word' id='word_1_223' title='bbox 896 3289 932 3328; x_wconf 91' lang='lat' dir='ltr'><strong>ea</strong></span> <span class='ocrx_word' id='word_1_224' title='bbox 951 3270 1064 3346; x_wconf 91' lang='lat' dir='ltr'><strong>quibus</strong></span> <span class='ocrx_word' id='word_1_225' title='bbox 1086 3268 1213 3328; x_wconf 86' lang='lat' dir='ltr'><strong>vellent.</strong></span> 
     </span>
     <span class='ocr_line' id='line_1_30' title="bbox 187 3374 1216 3453; baseline 0.004 -25"><span class='ocrx_word' id='word_1_226' title='bbox 187 3374 302 3432; x_wconf 85' lang='lat' dir='ltr'><strong>4Nihil</strong></span> <span class='ocrx_word' id='word_1_227' title='bbox 330 3380 436 3433; x_wconf 89' lang='lat' dir='ltr'><strong>autem</strong></span> <span class='ocrx_word' id='word_1_228' title='bbox 465 3375 568 3433; x_wconf 91' lang='lat' dir='ltr'><strong>minus</strong></span> <span class='ocrx_word' id='word_1_229' title='bbox 597 3375 739 3452; x_wconf 86' lang='lat' dir='ltr'><strong>perfecto</strong></span> <span class='ocrx_word' id='word_1_230' title='bbox 763 3376 836 3435; x_wconf 90' lang='lat' dir='ltr'><strong>duci</strong></span> <span class='ocrx_word' id='word_1_231' title='bbox 860 3395 954 3453; x_wconf 90' lang='lat' dir='ltr'><strong>quam</strong></span> <span class='ocrx_word' id='word_1_232' title='bbox 979 3375 1216 3436; x_wconf 88' lang='lat' dir='ltr'><strong>festinationem</strong></span> 
     </span>
    </p>
   </div>
   <div class='ocr_carea' id='block_1_3' title="bbox 213 3480 1256 3668">
    <p class='ocr_par' dir='ltr' id='par_1_3' title="bbox 213 3480 1256 3668">
     <span class='ocr_line' id='line_1_31' title="bbox 213 3480 1256 3559; baseline 0.001 -20"><span class='ocrx_word' id='word_1_233' title='bbox 213 3480 487 3558; x_wconf 87' lang='lat' dir='ltr'><strong>temeritatemque</strong></span> <span class='ocrx_word' id='word_1_234' title='bbox 516 3482 681 3543; x_wconf 87' lang='lat' dir='ltr'><strong>convenire</strong></span> <span class='ocrx_word' id='word_1_235' title='bbox 705 3482 926 3543; x_wconf 88' lang='lat' dir='ltr'><strong>arbitrabatur.</strong></span> <span class='ocrx_word' id='word_1_236' title='bbox 969 3481 1085 3542; x_wconf 84' lang='lat' dir='ltr'><strong>Crebro</strong></span> <span class='ocrx_word' id='word_1_237' title='bbox 1110 3481 1256 3559; x_wconf 82' lang='lat' dir='ltr'><strong>itaqueeo</strong></span> 
     </span>
     <span class='ocr_line' id='line_1_32' title="bbox 213 3587 1217 3668; baseline 0.002 -21"><span class='ocrx_word' id='word_1_238' title='bbox 213 3587 269 3648; x_wconf 77' lang='lat' dir='ltr'><strong>illa</strong></span> <span class='ocrx_word' id='word_1_239' title='bbox 283 3588 437 3648; x_wconf 66' lang='lat' dir='ltr'><strong>lactabat:</strong></span> <span class='ocrx_word' id='word_1_240' title='bbox 460 3589 564 3654; x_wconf 75' lang='grc' dir='ltr'><strong>Σπεῦδε</strong></span> <span class='ocrx_word' id='word_1_241' title='bbox 578 3589 720 3668; x_wconf 72' lang='grc' dir='ltr'>βραδέως·</span> <span class='ocrx_word' id='word_1_242' title='bbox 1215 3597 1217 3600; x_wconf 42' lang='lat'><em>⁴</em></span> 
     </span>
    </p>
   </div>
   <div class='ocr_carea' id='block_1_4' title="bbox 323 3702 1106 3784">
    <p class='ocr_par' dir='ltr' id='par_1_4' title="bbox 323 3702 1106 3784">
     <span class='ocr_line' id='line_1_33' title="bbox 323 3702 1106 3784; baseline 0 -20"><span class='ocrx_word' id='word_1_243' title='bbox 323 3705 459 3782; x_wconf 76' lang='grc' dir='ltr'>ἀσφαλὴς</span> <span class='ocrx_word' id='word_1_244' title='bbox 474 3706 528 3784; x_wconf 80' lang='grc' dir='ltr'><strong>γάρ</strong></span> <span class='ocrx_word' id='word_1_245' title='bbox 544 3703 603 3764; x_wconf 80' lang='grc' dir='ltr'>ἔστ’</span> <span class='ocrx_word' id='word_1_246' title='bbox 618 3705 735 3780; x_wconf 84' lang='grc' dir='ltr'>ἀμείνων</span> <span class='ocrx_word' id='word_1_247' title='bbox 748 3702 766 3780; x_wconf 77' lang='grc' dir='ltr'>ἢ</span> <span class='ocrx_word' id='word_1_248' title='bbox 781 3703 885 3781; x_wconf 77' lang='grc' dir='ltr'>θρασὺς</span> <span class='ocrx_word' id='word_1_249' title='bbox 899 3704 1106 3780; x_wconf 63' lang='grc' dir='ltr'>στρατηλάτης,</span> 
     </span>
    </p>
   </div>
   <div class='ocr_carea' id='block_1_5' title="bbox 0 0 1418 4140">
    <p class='ocr_par' dir='ltr' id='par_1_5' title="bbox 0 0 1418 4140">
     <span class='ocr_line' id='line_1_34' title="bbox 0 0 1418 4140; baseline 0 0"><span class='ocrx_word' id='word_1_250' title='bbox 0 0 1418 4140; x_wconf 95' lang='lat' dir='ltr'><strong> </strong></span> 
     </span>
    </p>
   </div>
  </div>
 </body>
</html>
