2812 4140
190 249 234 312 34
275 259 304 311 0.
331 259 487 311 sunrcru
509 259 736 322 rnnnoumm
759 259 809 308 ns
833 259 923 309 vrrs
947 259 1150 312 cansnnun

191 455 284 512 opere
313 434 490 495 tolerabant
517 440 553 494 ut
579 434 778 512 Dyrrachina
808 433 982 494 munitione
1013 436 1192 513 Pompeius,

191 544 259 602 viso
287 561 400 620 genere
432 542 523 618 panis
552 561 590 601 ex
617 541 715 601 herba
743 561 805 618 quo
833 541 1079 617 sustinebantur,
1109 562 1192 601 cum

191 648 295 709 feris
324 647 405 706 sibi
433 667 513 706 rem
540 666 628 706 esse
656 647 773 706 dixerit
799 647 999 723 amoverique
1027 647 1113 706 ocius
1135 667 1193 707 nec

191 754 336 830 cuiquam
350 753 475 813 ostendi
489 752 617 811 iusserit
635 771 674 812 ne
689 752 844 830 patientia
858 757 890 811 et
904 752 1078 829 pertinacia
1092 753 1192 813 hostis

165 858 287 918 hanimi
302 878 429 918 suorum
444 858 672 933 frangerentur.

229 967 353 1036 Quanta
384 965 572 1024 fortitudine
605 965 786 1024 dimicarint
816 965 998 1025 testimonio
1026 972 1074 1027 est
1109 967 1216 1044 quoda

189 1071 322 1131 adverso
350 1072 446 1131 semel
473 1071 558 1147 apud
592 1071 803 1148 Dyrrachium
838 1071 958 1148 proelio
992 1091 1124 1149 poenam
1159 1073 1193 1130 in

190 1195 222 1236 se
246 1177 331 1236 ultro
359 1178 619 1253 depoposcerunt,
642 1182 678 1236 ut
703 1176 907 1237 consolandos
931 1196 982 1236 eos
1011 1178 1110 1254 magis
1139 1177 1194 1237 im-

189 1287 315 1358 perator
335 1301 430 1358 quam
451 1281 625 1358 puniendos
647 1281 800 1340 habuerit.
848 1282 971 1342 Ceteris
999 1283 1127 1360 proeliis
1149 1284 1193 1341 in-
1246 1280 1249 1284 ’

151 1403 180 1447 10
188 1406 333 1445 numeras
355 1386 606 1446 adversariorum
628 1387 732 1464 copias
747 1387 856 1446 multis
879 1387 1022 1464 partibus
1043 1389 1106 1465 ipsi
1120 1408 1193 1466 pau·

189 1492 286 1551 ciores
309 1492 402 1551 facile
425 1496 621 1568 superarunt.
676 1491 821 1568 Denique
842 1512 904 1552 una
926 1498 1032 1552 sextae
1060 1494 1191 1569 legionis

189 1598 298 1656 cohors
333 1596 513 1674 praeposita
549 1596 678 1656 castello
712 1602 861 1673 quattuor
888 1598 1020 1675 Pompei
1054 1597 1191 1674 legiones

189 1722 245 1778 per
265 1702 387 1778 aliquot
407 1686 499 1760 horas
522 1700 675 1761 sustinuit
695 1720 794 1777 Paene
822 1703 924 1762 omnis
948 1702 1068 1762 confixa
1089 1703 1193 1762 multi·

189 1806 298 1866 tudine
312 1806 477 1866 hostilium
492 1807 688 1882 sagittarum,
706 1826 839 1882 quarum
860 1813 986 1866 centum
1004 1827 1040 1867 ac
1060 1808 1193 1884 triginta

151 1927 179 1971 15
189 1913 277 1972 milia
297 1911 382 1972 intra
403 1912 523 1971 vallum
549 1917 673 1989 reperta
697 1917 779 1970 sunt.
830 1912 898 1972 Nec
922 1913 1046 1988 mirum,
1072 1913 1099 1972 si
1121 1913 1215 1989 quis4

189 2017 384 2094 singulorum
413 2017 498 2076 facta
520 2017 677 2093 respiciat,
699 2017 749 2076 vel
780 2017 870 2077 Cassi
899 2018 1033 2077 Scaevae
1061 2018 1193 2078 centuri-

188 2123 256 2182 onis
285 2123 335 2182 vel
371 2123 431 2181 Gai
466 2122 550 2180 Acili
585 2122 706 2197 militis,
735 2142 774 2181 ne
801 2114 848 2182 ’(16
876 2123 1019 2200 pluribus
1047 2124 1190 2182 referam.

189 2229 306 2288 Scaeva
340 2247 470 2287 excusso
506 2227 604 2302 oculO,
649 2228 818 2287 transfixus
855 2228 973 2287 femore
1008 2233 1041 2287 61
1075 2247 1191 2303 umer0,

189 2339 314 2394 centum
343 2338 375 2392 et
403 2332 517 2408 viginti
545 2332 659 2392 ictibus
695 2339 783 2392 scuto
812 2333 982 2410 perforato,
1018 2333 1192 2392 custodiam

148 2445 297 2516 mportae
326 2437 484 2497 commissi
513 2437 635 2496 castelli
664 2438 805 2497 retinuit.
862 2438 984 2498 Acilius
1019 2438 1125 2498 navali
1151 2438 1192 2498 ad

187 2545 363 2604 Massiliam
379 2543 498 2620 proelio
515 2542 631 2601 iniecta
645 2541 679 2600 in
696 2561 834 2619 puppem
852 2542 992 2603 hostium
1011 2544 1141 2604 dextera
1160 2549 1192 2602 et

187 2650 317 2724 abscisa,
340 2647 540 2708 memorabile
563 2647 643 2705 illud
663 2647 748 2723 apud
769 2648 904 2706 Graecos
924 2649 1073 2726 Cynegiri
1092 2668 1193 2708 exem·

187 2755 275 2832 plum
290 2754 443 2828 imitatus,
459 2752 621 2812 transiluit
635 2752 668 2809 in
683 2771 796 2811 navem
814 2753 948 2812 umbone
963 2753 1070 2812 obvios
1085 2773 1190 2829 agens.

228 2860 420 2920 Seditionem
449 2878 505 2935 per
533 2859 641 2917 decem
664 2877 762 2917 annos
791 2858 922 2917 Gallicis
951 2859 1043 2918 bellis
1071 2860 1192 2919 nullam
1214 2873 1250 2922 69

148 2965 313 3027 1501111116
335 2969 510 3038 moverunt,
532 2963 677 3022 civilibus
698 2963 830 3039 aliquas,
853 2964 908 3023 sed
929 2970 965 3024 ut
987 2965 1129 3024 celeriter
1150 2965 1191 3024 ad

188 3069 323 3129 officium
358 3069 519 3144 redierint,
551 3088 608 3127 nec
639 3074 705 3127 tam
741 3068 938 3145 indulgentia
973 3070 1061 3128 ducis
1096 3089 1191 3146 quam

187 3175 383 3235 auctoritate.
436 3175 509 3234 Non
530 3175 614 3233 enim
636 3173 732 3233 cessit
753 3194 901 3251 umquam
924 3175 1189 3235 tumultuantibus

187 3286 282 3357 atque
305 3281 400 3340 etiam
426 3280 550 3339 obviam
573 3299 697 3356 semper
720 3280 776 3354 iit;
808 3285 840 3339 et
862 3300 977 3340 nonam
1001 3281 1129 3357 quidem
1150 3281 1191 3340 le-

187 3386 311 3462 gionem
338 3387 423 3463 apud
451 3385 655 3460 Placentiam,
684 3405 863 3462 quanquam
897 3386 931 3444 in
965 3386 1060 3445 armis
1088 3386 1191 3446 adhuc

148 3491 357 3569 30P0mpeius
386 3496 478 3566 esset,
508 3496 607 3549 totam
643 3481 713 3549 cum
749 3491 921 3568 ignominia
950 3491 1079 3549 missam
1113 3491 1190 3550 fecit

186 3616 340 3673 aegreque
375 3601 448 3673 post
483 3596 598 3654 multas
635 3601 667 3655 et
704 3597 856 3673 supplicis
885 3615 1002 3674 preces,
1037 3614 1094 3655 nec
1128 3595 1190 3654 nisi

188 3707 297 3762 exacta
318 3702 356 3761 de
380 3700 522 3761 sontibus
545 3719 654 3777 poena,
677 3701 827 3760 restituit.
