2812 4140
197 211 238 274 94
280 221 309 273 c.
335 221 492 274 suarem
512 224 740 288 rasuomnrr
764 226 814 275 nr
837 226 927 277 vrrs
951 227 1153 281 causacum

195 395 288 456 batur
311 396 432 473 egelida
455 416 537 473 aqua
557 397 607 456 vel
631 399 695 457 sole
720 399 820 458 multo
842 400 1008 477 tepefacta.
1058 402 1103 462 At
1125 421 1198 480 quo-

196 503 278 562 tiens
293 521 460 563 nervorum
471 521 563 562 causa
578 503 706 562 marinis
719 496 905 581 Albulisque
920 505 1030 566 calidis
1045 509 1197 568 utendum

196 615 288 684 esset,
310 613 475 668 contentus
495 607 641 667 hocerat
662 614 698 667 ut
719 609 858 668 insidens
880 610 984 686 ligneo
1005 612 1093 688 solio,
1113 614 1196 691 quod

195 713 263 791 ipse
285 713 460 792 Hispanico
479 713 574 772 verbo
592 713 737 772 duretam
755 713 896 789 vocabat,
911 734 1021 775 manus
1043 735 1079 776 ac
1100 718 1195 796 pedes

169 818 325 878 oalternis
347 818 486 878 iactaret.

194 973 197 979 .
233 923 482 984 Exercitationes
498 930 688 1002 campestres
704 944 854 1002 equorum
869 932 901 986 et
914 945 1072 987 armorum
1087 929 1196 989 statim
1219 943 1254 993 83

194 1035 267 1108 post
281 1029 387 1089 civilia
400 1029 484 1088 bella
501 1029 609 1087 omisit
624 1029 709 1088 etad
724 1029 822 1107 pilam
837 1031 940 1108 primo
954 1031 1194 1111 folliculumque

194 1135 331 1210 transiit,
347 1153 418 1193 mox
439 1133 520 1192 nihil
542 1133 629 1192 aliud
650 1153 745 1210 quam
766 1135 951 1195 vectabatur
968 1142 1001 1196 et
1019 1137 1195 1198 deambula·

194 1240 257 1314 bat,
273 1239 318 1299 ita
332 1246 368 1299 ut
382 1239 416 1297 in
430 1239 579 1298 extremis
594 1239 707 1316 spatiis
726 1239 894 1299 subsultim
912 1241 1092 1302 decurreret
1111 1245 1195 1304 ises-

155 1357 184 1401 10
194 1345 289 1405 tertio
302 1345 353 1404 vel
367 1344 504 1404 lodicula
517 1344 687 1404 involutus.
731 1345 839 1404 Animi
854 1345 981 1405 laxandi
996 1366 1088 1408 causa
1102 1350 1194 1410 modo

193 1450 373 1528 piscabatur
400 1450 501 1524 hamo,
530 1450 622 1509 modo
649 1449 724 1510 talis
752 1456 808 1510 aut
835 1450 976 1510 ocellatis
1000 1453 1194 1532 nucibusque

193 1554 322 1615 ludebat
332 1575 403 1615 oum
414 1555 520 1633 pueris
532 1554 673 1631 minutis,
684 1574 762 1633 quos
777 1555 858 1616 facie
870 1561 902 1616 et
916 1557 1102 1632 garrulitate
1113 1579 1195 1620 ama

192 1660 266 1720 bilis
290 1661 429 1738 undique
452 1659 665 1736 conquirebat,
686 1661 854 1739 praecipue
879 1662 1007 1722 Mauros
1030 1669 1062 1722 et
1087 1664 1192 1742 Syros.

192 1766 275 1825 Nam
289 1766 425 1844 pumilos
447 1771 542 1842 atque
563 1765 714 1824 distortos
735 1772 768 1826 et
790 1767 890 1826 omnis
912 1768 1035 1843 generis
1053 1769 1193 1830 eiusdem

153 1883 182 1928 lo
192 1877 228 1930 ut
241 1871 378 1930 ludibria
391 1876 522 1930 naturae
537 1870 674 1954 malique
688 1871 801 1931 ominis
818 1871 1013 1933 abhorrebat.

163 1997 166 2004 ·
230 1977 451 2054 Eloquentiam
477 1975 642 2052 studiaque
668 1975 810 2036 liberalia
833 1976 874 2036 ab
899 1982 1003 2038 aetate
1031 1980 1134 2057 prima
1160 1987 1193 2041 et
1215 1991 1251 2042 84

191 2081 303 2159 cupide
328 2086 361 2140 et
383 2081 627 2142 laboriosissime
653 2082 801 2141 exercuit.
853 2083 1030 2143 Mutinensi
1052 2084 1134 2145 bello
1158 2086 1192 2145 in

190 2191 279 2247 tanta
300 2187 381 2246 mole
400 2205 504 2246 rerum
526 2192 558 2245 et
576 2186 691 2261 legisse
711 2192 744 2245 et
766 2187 928 2265 scripsisse
950 2193 982 2248 et
1000 2189 1191 2251 declamasse

190 2292 305 2352 cotidie
323 2291 468 2352 traditur.
511 2293 595 2351 Nam
616 2291 763 2369 deinceps
785 2311 885 2370 neque
907 2293 940 2352 in
960 2299 1071 2354 senatu
1091 2314 1191 2373 neque

151 2399 274 2476 mapud
295 2399 447 2477 populum
468 2417 569 2474 neque
590 2398 675 2476 apud
697 2398 815 2457 milites
835 2398 957 2459 locutus
975 2405 1024 2459 est
1042 2420 1191 2478 umquam

188 2504 251 2563 nisi
270 2503 422 2563 meditata
439 2509 471 2563 et
489 2503 663 2581 composita
679 2503 828 2577 oratione,
843 2504 987 2580 quamvis
1004 2525 1068 2564 non
1085 2506 1192 2565 defice-

189 2615 275 2669 retur
291 2609 332 2669 ad
347 2609 452 2668 subita
466 2608 673 2686 extemporali
691 2608 852 2667 facultate.
896 2609 943 2668 Ac
960 2628 999 2669 ne
1016 2610 1214 2688 perieuluma

189 2715 355 2774 memoriae
371 2713 474 2774 adiret
490 2719 546 2773 aut
565 2714 598 2770 in
617 2713 784 2772 ediscendo
801 2718 927 2791 tempus
945 2715 1132 2790 absumeret,
1147 2716 1192 2774 in-

188 2819 295 2880 stituit
316 2819 447 2878 recitare
471 2818 583 2877 omnia.
634 2818 798 2878 Sermones
820 2838 943 2895 quoque
965 2839 1036 2879 cum
1057 2820 1189 2896 singulis

148 2939 177 2984 25
187 2931 281 3002 atque
296 2924 392 2984 etiam
407 2943 478 2983 cum
492 2923 584 2982 Livia
599 2942 655 2983 sua
669 2923 828 2999 graviores
842 2943 905 2982 non
923 2923 986 2983 nisi
1006 2924 1140 3003 scriptos
1157 2932 1190 2985 et

187 3049 204 3089 e
217 3029 325 3088 libello
339 3029 483 3104 habebat,
494 3048 534 3088 ne
548 3029 620 3106 plus
633 3029 775 3088 minusve
789 3029 970 3104 loqueretur
985 3048 1023 3089 ex
1038 3035 1187 3108 tempore.

186 3134 416 3195 Pronuntiabat
437 3134 522 3193 dulci
543 3140 575 3193 et
596 3134 723 3212 proprio
745 3134 881 3211 quodam
902 3133 964 3192 oris
987 3153 1063 3194 sono
1083 3136 1189 3196 dabat

186 3260 246 3318 que
260 3239 385 3300 assidue
400 3240 558 3319 phonasco
573 3259 717 3317 operam,
736 3239 790 3298 sed
804 3258 1040 3316 nonnumquam
1054 3239 1189 3301 infirma·

186 3347 227 3406 tis
247 3347 391 3406 faucibus
410 3342 573 3424 praeconis
591 3363 666 3403 voce
682 3344 723 3402 ad
742 3344 893 3420 populum
912 3344 1109 3406 contionatus
1130 3352 1187 3406 est.

146 3467 175 3514 ³0
225 3452 329 3512 Multa
339 3453 419 3513 varii
434 3449 556 3528 generis
571 3469 665 3527 prosa
676 3449 815 3508 oratione
827 3451 1011 3528 composuit,
1024 3471 1062 3511 ex
1073 3452 1187 3528 quibus
1211 3466 1246 3516 85

184 3560 335 3619 nonnulla
360 3559 393 3616 in
418 3562 508 3616 coetu
536 3554 742 3615 familiarium
765 3554 909 3613 velutin
933 3556 1090 3615 auditorio
1114 3557 1189 3617 reci-

184 3665 273 3735 tavit,
296 3664 377 3724 sieut
399 3661 768 3743 Rescriptajiruto
785 3659 831 3720 de
855 3659 1016 3735 Catone,
1036 3681 1116 3739 quae
1137 3681 1187 3722 vo-
