2812 4140
373 630 412 704 c.
450 629 665 703 suarem
700 563 1010 756 redditurum

348 862 428 942 aa
470 860 628 941 vrri
670 787 1119 999 causacio-riga,

588 1097 730 1163 LIBER
763 1099 790 1161 Ι.

504 1293 656 1368 DIVUS
707 1293 877 1368 IULIUS

323 1479 340 1514 1
502 1478 519 1512 1
684 1477 700 1512 1
863 1478 879 1513 1
1044 1479 1061 1514 ff

147 1613 162 1662 1
229 1607 358 1666 Annum
378 1624 473 1682 agens
502 1611 626 1665 sextum
655 1605 811 1664 decimum
839 1610 962 1682 patrem
989 1606 1114 1683 amisit;
1149 1626 1193 1669 se·

189 1712 421 1790 quentibusque
436 1710 616 1769 consulibus
631 1709 746 1770 flamen
756 1710 858 1770 Dialis
870 1711 1047 1772 destinatus
1061 1712 1192 1774 dimissa

189 1817 344 1891 Cossutia,
360 1834 439 1893 quae
454 1815 577 1875 familia
591 1814 730 1891 equestri
746 1816 801 1874 sed
815 1816 984 1875 admodum
999 1817 1087 1877 dives
1106 1793 1200 1896 prae-¹

189 1928 311 1985 textato
328 1921 518 1997 desponsata
534 1921 649 1995 fuerat,
665 1920 842 1980 Corneliam
859 1921 978 1981 Cinnae
995 1928 1106 1999 quater
1124 1942 1192 1983 con·

189 2030 267 2090 sulis
285 2028 385 2088 filiam
399 2026 491 2085 duxit
504 2045 644 2100 uxorem,
658 2045 697 2084 ex
712 2044 774 2102 qua
789 2025 837 2083 illi
852 2045 924 2085 mox
939 2027 1023 2086 Iulia
1036 2033 1111 2088 nata
1125 2034 1214 2104 cst;o

187 2153 289 2212 neque
303 2139 339 2194 ut
354 2131 535 2210 repudiaret
553 2130 699 2208 compelli
713 2150 732 2190 a
746 2131 900 2190 dictatore
916 2132 1004 2192 Sulla
1017 2132 1084 2192 ullo
1098 2134 1190 2194 modo

164 2240 301 2319 apotuit.
343 2239 444 2309 Quare
466 2244 499 2296 et
520 2236 695 2296 sacerdotio
716 2241 748 2296 et
768 2237 875 2296 uxoris
897 2238 971 2297 dote
986 2242 1019 2298 et
1032 2239 1190 2314 gentilicis

187 2344 414 2406 hereditatibus
437 2342 590 2402 multatus
618 2342 814 2401 diversarum
842 2342 981 2420 partium
1008 2343 1190 2421 habebatur,

186 2457 224 2512 ut
245 2450 341 2511 ctiam
365 2449 525 2508 discedere
547 2467 563 2507 e
585 2448 688 2507 medio
709 2454 741 2507 et
762 2467 952 2525 quamquam
974 2449 1081 2508 morbo
1102 2468 1191 2526 quar-

187 2563 279 2617 tanae
300 2555 493 2631 adgravante
514 2573 611 2631 prope
632 2573 689 2630 per
710 2553 849 2628 singulas
870 2559 977 2612 noctes
1000 2560 1190 2615 commutare
1200 2570 1229 2616 10

187 2662 323 2722 latebras
346 2663 508 2736 cogeretur
529 2677 624 2735 seque
646 2658 686 2718 ab
707 2658 946 2734 inquisitoribus
966 2659 1098 2736 pecunia
1112 2661 1191 2720 redi-

187 2773 296 2842 meret,
317 2767 416 2825 donec
443 2784 499 2842 per
526 2765 664 2840 virgines
686 2764 831 2824 Vestales
854 2784 972 2842 perque
996 2767 1195 2825 Mamercum

187 2860 423 2932 Aemiliffia
448 2870 613 2929 Aurelium
641 2870 767 2930 Cottam
795 2871 988 2948 propinquos
1013 2875 1046 2930 et
1069 2871 1188 2931 adfines

163 2988 259 3037 3suos
273 2976 399 3036 veniam
421 2975 614 3054 impetravit.
658 2975 741 3035 Satis
757 2982 880 3037 constat
902 2976 1031 3052 Sullam,
1047 2996 1117 3036 cum
1140 2978 1190 3037 de

186 3082 387 3161 precantibus
405 3082 604 3142 amicissimis
623 3088 656 3143 et
672 3083 881 3143 ornatissimis
899 3084 977 3143 viris
994 3083 1189 3161 aliquamdiu
1198 3094 1227 3140 15

186 3189 373 3264 denegasset
393 3194 488 3266 atque
517 3189 565 3247 illi
586 3189 791 3266 pertinaciter
820 3190 1052 3265 contenderent,
1075 3209 1190 3267 expug-

186 3298 296 3354 natum
324 3295 452 3354 tandem
480 3295 689 3373 proclamasse
717 3295 783 3354 sive
808 3295 962 3355 divinitus
988 3295 1055 3355 sive
1081 3296 1189 3371 aliqua

187 3400 381 3460 coniectura:
428 3400 635 3491 vinlchnt
669 3419 711 3459 ac
746 3400 824 3459 sibi
866 3400 1066 3475 haberent,
1101 3400 1188 3459 dum

187 3506 297 3565 modo
339 3505 488 3565 scirent
529 3524 611 3564 eum
653 3524 764 3582 quem
805 3505 1036 3565 incolumem
1078 3510 1188 3565 tanto

187 3630 302 3690 opere
324 3615 516 3688 cuperent
540 3610 772 3687 quandoque
798 3610 1048 3688 optimatium
1072 3610 1226 3688 parti-ao

662 3708 675 3756 1
