2812 4140
206 232 247 298 12
288 243 319 296 o.
344 243 500 296 surrorn
522 243 751 307 ramournnr
774 246 824 295 na
848 245 937 296 vira
960 245 1163 297 causantur

205 417 354 495 cultuque
382 419 524 478 Romano
557 416 738 479 institutam
772 423 805 478 et
832 424 975 478 ornatam
1003 424 1113 496 postea
1142 416 1209 477 uni-

205 541 329 583 versam
338 523 467 584 civitate
476 523 615 583 donavit.
657 523 725 583 Nec
739 523 852 582 deinde
866 523 933 583 ulla
946 523 1023 583 belli
1037 523 1232 598 occasione,3

205 648 245 689 ne
262 629 374 688 iniusti
387 628 515 706 quidem
533 647 570 689 ao
584 628 763 706 periculosi,
777 628 941 704 abstinuit,
956 634 1023 689 tam
1037 628 1208 688 foederatis

205 753 300 812 quarn
321 734 448 793 infestis
467 753 504 794 ac
527 734 603 794 feris
623 733 769 810 gentibus
789 732 874 793 ultro
893 733 1059 809 lacessitis,
1077 734 1155 794 adeo
1172 739 1210 793 ut

180 845 333 903 osenatus
357 839 515 916 quondam
539 839 660 915 legatos
674 839 715 899 ad
738 839 966 917 explorandum
994 846 1113 901 statum
1138 839 1211 900 Gal·

205 944 319 1005 liarnm
333 944 504 1004 mittendos
523 944 699 1005 decreverit
715 963 751 1005 ac
773 944 917 1005 nonnulli
938 945 1118 1006 dedendum
1138 964 1210 1005 eum

204 1050 347 1111 hostibus
371 1049 558 1111 censuerint.
602 1050 664 1110 Sed
686 1069 836 1129 prospere
855 1050 1038 1110 cedentibus
1063 1049 1155 1111 rebus
1178 1055 1211 1110 et

205 1155 330 1234 saepius
365 1161 399 1216 et
426 1156 566 1234 plurium
593 1175 688 1232 quam
716 1156 884 1232 quisquam
911 1175 1061 1233 nmquam
1088 1156 1212 1216 dierum

205 1261 451 1339 supplicationes
474 1261 666 1338 impetravit.

168 1377 197 1423 10
246 1366 354 1442 Gessit
381 1372 488 1426 antem
515 1384 629 1426 novem
655 1365 747 1426 annis
774 1366 889 1444 quibus
917 1366 951 1425 in
980 1367 1115 1446 imperio
1147 1366 1212 1426 fuit
1234 1370 1270 1421 25

204 1471 281 1532 haee
304 1472 379 1532 fere.

246 1578 379 1638 Omnem
414 1577 552 1638 Galliam
584 1596 664 1655 quae
699 1578 783 1638 saltn
817 1579 981 1657 Pyrenaeo
1014 1579 1212 1656 Alpibusque

202 1685 239 1743 ‘et
263 1688 369 1742 monte
394 1682 549 1757 Cebenna,
570 1681 753 1742 fluminibus
775 1683 887 1742 Rheno
907 1702 944 1743 ac
969 1683 1123 1743 Rhodano
1145 1701 1213 1742 con-

206 1787 326 1848 tinetur
343 1793 494 1865 patetque
512 1787 645 1847 circuitu
663 1788 704 1848 ad
725 1788 773 1848 bis
795 1794 828 1848 et
848 1788 955 1848 tricies
978 1795 1103 1848 centum
1125 1787 1214 1848 milia

169 1912 198 1958 lc
207 1911 366 1971 passuum,
390 1899 516 1971 praeter
544 1894 643 1954 socias
671 1912 707 1954 ae
735 1894 814 1953 bene
842 1895 970 1954 meritas
999 1894 1155 1969 civitates,
1179 1893 1212 1951 in

207 2006 386 2084 provinciae
404 2007 538 2066 formam
557 2007 680 2083 redegit
698 2007 789 2084 eique
808 1985 899 2090 iffi
911 2008 945 2066 in
960 2007 1100 2084 singulos
1114 2024 1212 2067 annos

208 2111 359 2189 stipendii
372 2112 498 2171 nomine
512 2112 662 2191 inposuit.
705 2114 879 2174 Germanos
894 2113 949 2190 qui
964 2118 1051 2173 trans
1066 2105 1237 2171 Rhenuma

207 2217 349 2277 incolunt
373 2217 493 2294 primns
515 2219 729 2278 Romanorum
750 2224 846 2296 ponte
867 2218 1022 2279 fabricato
1045 2218 1212 2293 adgressus

208 2321 353 2382 maximis
381 2323 501 2382 adfecit
529 2322 688 2398 cladibus3
717 2324 884 2400 adgressus
910 2329 958 2383 est
986 2328 1018 2382 et
1043 2322 1212 2382 Britannos

169 2446 199 2491 ao
208 2429 331 2505 ignotos
345 2434 439 2488 antea
453 2429 672 2507 superatisque
686 2430 835 2508 pecunias
847 2435 879 2489 et
887 2429 1011 2488 obsides
1026 2427 1213 2506 imperavit3
1332 2438 1334 2442 ·

208 2553 265 2613 per
285 2539 334 2595 tot
356 2553 516 2595 successus
535 2534 586 2594 'ter
607 2553 664 2594 nec
688 2535 825 2612 amplius
847 2535 1014 2594 adversum
1036 2552 1142 2593 casnm
1165 2552 1215 2593 ex-

208 2647 335 2719 pertus:
371 2641 404 2699 in
432 2640 598 2701 Britannia
626 2642 725 2701 classe
743 2641 788 2700 *vi
814 2639 1013 2718 tempestatis
1039 2657 1137 2717 prope
1164 2639 1215 2699 ab

209 2752 336 2824 sumpta
360 2753 392 2806 et
416 2747 450 2805 in
473 2747 579 2807 Gallia
599 2748 640 2807 ad
666 2746 855 2822 Gergoviam
881 2745 1003 2821 legione
1028 2745 1101 2805 fusa
1126 2744 1215 2804 etin
1328 2767 1331 2771 ·

210 2853 437 2912 Germanorum
459 2852 574 2911 finibus
600 2853 724 2913 Titurio
747 2858 779 2911 et
794 2850 1008 2910 Aurunculeio
1026 2849 1139 2925 legatis
1158 2867 1215 2926 per

170 2958 340 3023 rsinsidias
356 2959 462 3018 caesis.

249 3065 368 3124 Eodem
393 3064 545 3143 temporis
569 3064 672 3142 spatio
695 3069 827 3124 matrem
845 3063 956 3141 primo,
972 3061 1086 3122 deinde
1104 3060 1213 3134 filiam,
1238 3063 1274 3115 26

208 3188 267 3229 nec
282 3170 382 3228 multo
395 3175 469 3247 post
482 3175 630 3248 nepotem
648 3170 764 3229 amisit.
807 3170 897 3228 Inter
911 3187 1001 3245 quae,
1017 3170 1216 3226 consternata

210 3275 305 3334 Publi
329 3275 420 3334 Clodi
445 3276 538 3335 caede
561 3294 595 3335 re
618 3275 753 3353 publica,
777 3293 847 3334 cum
877 3279 1004 3334 senatus
1027 3292 1125 3332 unum
1148 3289 1216 3330 con·

211 3382 311 3441 sulem
324 3380 573 3458 nominatimque
589 3383 732 3442 Gnaeum
746 3380 932 3459 Pompeium
947 3380 1016 3440 fieri
1032 3378 1214 3450 censuisset,

172 3487 277 3563 coegit
305 3505 375 3546 cnm
405 3486 540 3546 tribunis
569 3487 680 3564 plebis,
706 3486 856 3563 collegam
886 3504 918 3545 se
945 3485 1098 3562 Pompeio
1122 3481 1217 3542 desti-

211 3591 369 3666 nantibus,
389 3591 422 3649 id
441 3591 546 3668 potius
568 3592 608 3652 ad
629 3591 781 3669 populum
803 3591 924 3650 ferrent
943 3596 981 3649 ut
999 3589 1123 3650 absenti
1145 3586 1216 3660 sibi,

212 3697 398 3774 quandoque
420 3696 545 3775 imperii
566 3702 691 3775 tempus
714 3696 834 3775 expleri
857 3695 1021 3773 coepisset,
1037 3694 1150 3772 petitio
1173 3712 1217 3753 se

45 3853 207 3937 ‘bgKJ'K-e-w.
227 3884 301 3923 Ori-,¹21
330 3892 333 3897 ·
367 3886 376 3908 r
408 3860 465 3912 iifl
501 3865 572 3907 (Λν-
597 3880 647 3913 “A.
677 3908 680 3916 Ι
715 3920 720 3925 1
758 3889 779 3923 ἡ
