2812 4140
188 244 251 308 100
285 256 316 308 c.
342 254 498 307 1111111
520 230 747 319 1111111111
770 256 819 305 nn
844 254 934 305 vrrs
957 254 1160 306 1111111111

176 428 335 502 uenisset,
350 427 454 505 posita
470 427 504 486 in
522 427 642 505 templo
662 427 774 487 lectica
790 427 866 486 dum
888 432 1008 486 ceterae
1030 432 1190 487 matronae

187 533 361 592 dormirent
382 532 592 608 obdormisse;
625 533 791 592 draconem
812 538 941 611 repente
962 532 1127 610 irrepsisse
1149 531 1189 591 ad

188 657 256 698 eam
271 637 427 716 pauloque
441 642 514 714 post
529 656 707 713 egressum;
728 637 817 697 illam
832 636 1085 715 expergefactam
1099 636 1190 713 quasi

187 764 206 804 a
227 743 393 804 concubitu
415 743 521 803 mariti
541 743 724 821 purificasse
745 763 796 817 se;
824 749 856 802 11
877 743 986 802 statim
1008 743 1041 801 in
1062 761 1190 820 corpore

163 849 255 909 seius
269 849 413 909 extitisse
435 848 588 908 maculam
603 848 690 907 velut
711 848 790 926 picti
810 848 954 908 draconis
975 867 1032 907 nec
1049 847 1190 926 potuisse

188 974 336 1032 umquam
357 953 450 1031 exigi,
472 954 550 1015 adeo
570 959 606 1013 ut
628 973 699 1012 mox
721 953 856 1031 publicis
879 953 1012 1013 balineis
1038 959 1190 1031 perpetuo

187 1059 394 1135 abstinuerit;
420 1061 599 1136 Augustum
619 1065 729 1119 natum
750 1078 856 1119 mense
877 1059 998 1119 decimo
1019 1065 1051 1118 et
1072 1059 1112 1118 ob
1131 1059 1190 1118 hoc

187 1165 346 1244 Apollinis
360 1165 463 1224 filium
476 1165 701 1224 existimatum.
743 1164 863 1224 Eadem
882 1164 966 1239 Atia,
988 1164 1076 1242 prius
1096 1183 1190 1241 quam

187 1277 321 1350 pareret,
339 1270 508 1330 somniavit
528 1270 680 1330 intestina
701 1288 757 1330 sua
778 1269 855 1330 ferri
873 1270 913 1330 ad
933 1269 1036 1330 sidera
1058 1269 1191 1347 explica

149 1392 179 1437 10
187 1377 276 1463 rique
290 1396 347 1454 per
361 1395 484 1435 omnem
502 1380 657 1434 terrarum
671 1381 703 1435 et
717 1376 795 1436 caeli
809 1376 971 1436 ambitum.
1015 1373 1190 1435 Somniavit

187 1488 219 1542 et
232 1487 322 1559 pater
337 1481 486 1541 Octavius
500 1485 590 1539 utero
604 1481 697 1540 Atiae
712 1480 801 1540 iubar
816 1481 890 1540 solis
905 1486 1057 1540 exortum.

226 1587 295 1657 Quo
310 1591 403 1646 natus
423 1591 471 1645 est
490 1586 551 1660 die,
572 1605 642 1645 cum
657 1586 696 1645 de
716 1585 872 1646 Catilinae
892 1585 1104 1645 coniuratione
1122 1599 1213 1661 ages

187 1697 273 1752 retur
294 1691 328 1750 in
349 1691 435 1750 curia
454 1697 486 1750 et
505 1690 654 1751 Octavius
676 1690 716 1749 ob
736 1691 843 1750 uxoris
865 1691 1067 1768 puerperium
1089 1690 1189 1749 serius

186 1797 339 1871 affuisset,
360 1802 436 1856 nota
453 1815 490 1855 ac
508 1795 637 1872 vulgata
655 1815 704 1855 res
724 1802 772 1855 est
790 1796 826 1855 P.
846 1796 1012 1872 Nigidium
1031 1788 1190 1873 comperta

148 1918 291 1963 remorae
303 1920 404 1977 causa,
415 1905 451 1960 ut
462 1900 571 1960 horam
582 1919 706 1978 quoque
717 1906 826 1978 partus
841 1900 1007 1978 acceperit,
1018 1899 1189 1960 affirmasse

186 2007 348 2066 dominum
361 2012 516 2067 terrarum
531 2005 599 2065 orbi
613 2011 731 2066 natum.
769 2005 900 2066 Octavio
914 2010 1034 2084 postea,
1049 2025 1120 2065 cum
1133 2024 1189 2082 per

187 2117 306 2172 secreta
325 2111 476 2172 Thraciae
496 2111 669 2171 exercitum
683 2111 820 2186 duceret,
836 2111 869 2169 in
884 2111 990 2170 Liberi
1005 2111 1104 2189 patris
1119 2110 1189 2169 luco

186 2217 318 2277 barbara
339 2217 527 2277 caerimonia
547 2217 587 2276 dc
607 2216 674 2275 filio
696 2216 870 2276 consulenti
895 2216 979 2276 idem
1000 2215 1189 2275 affirmatum

186 2327 235 2382 est
244 2341 264 2382 a
275 2321 498 2397 sacerdotibus,
510 2322 593 2398 quod
608 2321 715 2380 infuso
731 2340 824 2398 super
838 2321 952 2381 altaria
965 2340 1050 2380 mero
1065 2326 1189 2407 tantum

147 2426 517 2487 aoflammaeemicuisset
526 2433 562 2486 ut
570 2445 772 2504 supergressa
780 2426 1066 2503 fastigiumtempli
1076 2426 1116 2486 ad
1125 2445 1189 2485 cae·

185 2531 251 2591 lum
262 2551 361 2609 usquc
371 2532 508 2591 ferretur
517 2532 636 2608 unique
647 2531 775 2590 omnino
785 2532 902 2606 Magno
913 2531 1093 2590 Alexandro
1104 2530 1188 2609 apud

186 2638 319 2699 easdem
340 2656 410 2696 aras
442 2636 631 2696 sacrificanti
663 2636 766 2696 simile
795 2636 993 2713 provenisset
1021 2642 1187 2695 ostentum.

186 2744 292 2820 Atque
307 2742 402 2802 etiam
418 2742 561 2818 sequenti
577 2741 686 2801 statim
700 2746 791 2800 nocte
803 2741 909 2801 videre
923 2741 1010 2800 visus
1025 2747 1074 2800 est
1087 2740 1211 2798 filiums

186 2847 312 2907 mortali
334 2846 437 2924 specie
458 2846 652 2924 ampliorem,
673 2866 744 2905 cum
765 2846 899 2906 fulmine
920 2852 952 2906 et
974 2852 1097 2924 sceptro
1118 2865 1190 2904 exu-

147 2952 308 3028 aoviisque
334 2951 420 3011 Iovis
446 2951 568 3029 Optimi
592 2951 727 3011 Maximi
747 2971 783 3011 ac
806 2951 928 3011 radiata
952 2970 1073 3026 corona,
1096 2970 1189 3027 super

186 3057 362 3117 laureatum
387 3077 520 3132 currum,
542 3056 591 3116 bis
614 3056 697 3116 senis
720 3056 810 3133 equis
835 3057 967 3116 candore
992 3056 1106 3115 eximio
1130 3061 1190 3116 tra

185 3162 343 3222 bentibus.
386 3163 499 3222 Infans
521 3162 633 3237 adhuc,
654 3167 691 3222 ut
713 3162 865 3239 scriptum
889 3162 973 3239 apud
995 3162 1028 3222 Ο.
1051 3163 1190 3221 Drusum

187 3273 284 3344 extat,
299 3268 456 3346 repositus
479 3287 608 3345 vespere
628 3268 662 3327 in
682 3287 776 3327 cunas
791 3287 810 3327 a
824 3268 982 3327 nutricula
1003 3267 1070 3326 loco
1085 3268 1188 3344 plano,

186 3379 313 3453 postera
328 3375 400 3433 luce
419 3393 482 3433 non
501 3374 677 3451 comparuit
696 3374 813 3450 diuque
833 3374 992 3450 quaesitus
1012 3375 1139 3433 tandem
1157 3373 1191 3431 in

148 3479 342 3540 waltissima
356 3479 437 3538 turri
452 3484 595 3557 repertus
611 3485 659 3539 est
673 3479 777 3563 iacens
793 3484 900 3537 contra
915 3479 989 3537 solis
1004 3485 1155 3538 exortum.

227 3586 307 3646 Cum
321 3584 459 3664 primum
474 3585 536 3644 fari
555 3585 718 3662 coepisset,
734 3585 767 3642 in
781 3583 867 3642 avito
885 3583 1061 3643 suburbano
1076 3585 1213 3646 obstrer

187 3690 293 3769 pentis
307 3691 390 3750 forte
412 3709 503 3751 ranas
526 3690 618 3750 silere
639 3689 743 3763 iussit,
757 3693 853 3768 atque
867 3707 906 3747 ex
921 3708 957 3748 eo
971 3695 1125 3766 negantur
1146 3689 1191 3748 ibi
