2812 4140
435 243 547 312 ninus
570 261 607 309 11.
644 260 757 311 uivus
781 260 971 312 Aususrus
1163 250 1203 313 51

202 434 339 493 invisum
361 433 525 508 sentiebat,
547 434 683 493 maxime
710 434 794 510 quod
815 435 853 493 D.
881 435 1015 493 Brutum
1044 434 1204 494 obsessum

202 539 345 599 Mutinae
367 538 529 616 provincia
550 557 569 598 a
590 539 721 598 Caesare
743 539 817 598 data
838 544 870 597 et
891 557 947 616 per
969 545 1113 599 senatum
1138 559 1206 598 con-

145 708 148 712 ,
178 645 326 705 afirmata
350 643 506 728 expellere
529 644 625 704 armis
650 643 812 703 niteretur.
863 644 1073 703 Hortantibus
1099 645 1205 721 itaque

201 748 361 809 nonnullis
376 768 574 827 percussores
589 749 619 809 ei
630 748 822 825 subornavit,
836 768 872 809 ac
886 749 997 808 fraude
1011 749 1206 827 deprehensa
1245 784 1248 788 ·

202 854 378 933 periculum
392 853 540 914 invicem
555 860 698 914 metuens
713 860 878 914 veteranos
894 854 989 913 simul
1008 853 1041 912 in
1063 873 1155 939 suum
1169 871 1229 915 ace

203 959 300 1038 reip.
323 959 476 1019 auxilium
497 964 616 1036 quanta
636 958 742 1038 potuit
762 958 929 1035 largitione
950 959 1125 1035 contraxit3
1146 959 1206 1019 ius

203 1084 319 1142 susque
334 1069 513 1142 comparato
527 1064 680 1124 exercitui
694 1084 751 1142 pro
766 1069 909 1141 praetore
924 1083 1068 1141 praeesse
1089 1070 1206 1126 etcum

204 1170 313 1230 Hirtio
332 1189 369 1230 ac
390 1170 503 1244 Pansa,
525 1169 580 1246 qui
602 1170 799 1229 consulatum
820 1174 1031 1246 susceperant,
1046 1171 1084 1229 D.
1107 1171 1206 1229 Bruto

204 1295 295 1353 opem
317 1275 409 1349 ferre,
431 1274 654 1334 demandatum
675 1274 793 1333 bellum
815 1275 909 1334 tertio
937 1292 1043 1334 mense
1072 1274 1209 1348 confecit

180 1381 324 1441 4duobus
340 1380 477 1458 proeliis.
519 1378 628 1468 Priore
642 1380 800 1438 Antonius
816 1379 935 1455 fugisse
954 1398 1025 1439 eum
1045 1380 1155 1439 scribit
1171 1399 1207 1440 ac
1217 1397 1245 1442 10

121 1542 122 1547 ,
205 1485 272 1545 sine
287 1484 510 1562 paludamento
525 1503 666 1561 equoque
686 1490 758 1561 post
778 1484 908 1543 biduum
930 1485 1056 1543 demum
1077 1504 1208 1562 apparu-

205 1591 276 1665 isse,
298 1589 444 1666 sequenti
465 1588 543 1649 satis
566 1594 689 1684 cepstat
717 1608 780 1647 non
802 1589 894 1647 modo
914 1588 1013 1664 ducis,
1036 1590 1090 1648 sed
1112 1590 1207 1649 etiam

205 1694 316 1754 militis
345 1691 491 1754 functum
519 1713 646 1754 munere
674 1699 769 1771 atque
798 1694 831 1751 in
859 1694 962 1753 media
996 1694 1207 1769 dimicatione,

205 1800 374 1877 aquilifero
394 1799 527 1875 legionis
549 1818 622 1858 suae
641 1799 779 1875 graviter
799 1798 913 1873 sauci0,
933 1798 1073 1875 aquilam
1091 1799 1207 1859 umeris

206 1905 326 1964 subisse
341 1904 457 1981 diuque
472 1909 623 1983 portasse.
882 1918 884 1923 '
1218 1922 1246 1966 1c

148 2020 181 2069 11
245 2011 316 2090 Hoc
336 2008 419 2069 bello
448 2029 518 2068 cum
539 2009 666 2068 Hirtius
689 2009 722 2066 in
742 2009 817 2083 acie,
837 2011 941 2069 Pansa
962 2010 1056 2086 paulo
1076 2016 1150 2088 post
1170 2029 1208 2070 ex

205 2114 334 2175 vulnere
361 2113 528 2192 perissent,
553 2133 658 2172 rumor
686 2114 858 2173 increbruit
884 2115 991 2174 ambos
1020 2134 1115 2192 opera
1142 2116 1209 2175 eius

205 2221 333 2295 occisos,
347 2224 384 2278 ut
399 2218 537 2278 Antonio
548 2219 668 2294 fugate,
683 2238 716 2278 re
738 2239 768 2296 p.
789 2219 968 2278 consulibus
986 2220 1104 2295 orbata,
1124 2221 1209 2280 solus

206 2325 340 2386 victores
363 2324 519 2384 exercitus
544 2329 718 2401 occuparet.
760 2324 882 2383 Pansae
906 2324 1034 2400 quidem
1058 2325 1135 2384 adeo
1163 2344 1211 2384 su·

206 2436 314 2509 specta
332 2448 415 2488 mors
436 2429 501 2488 fuit
519 2434 556 2487 ut
576 2428 677 2507 Glyco
696 2428 835 2491 medicus
859 2429 1034 2488 custoditus
1058 2429 1100 2489 sit
1119 2431 1248 2506 quasia

206 2554 361 2596 venenum
380 2533 505 2593 vulneri
525 2532 700 2593 indidisset.
744 2532 852 2592 Adicit
870 2533 920 2592 his
942 2533 1089 2611 Aquilius
1111 2535 1211 2611 Niger

205 2641 340 2702 alterum
354 2658 371 2699 e
386 2637 565 2698 consulibus
581 2638 725 2697 Hirtium
743 2638 775 2696 in
790 2657 913 2715 pugnae
931 2638 1070 2701 tumultu
1085 2639 1125 2699 ab
1141 2639 1210 2718 ipso

205 2745 439 2835 interemptum.

149 2861 183 2912 12
204 2826 211 2841 '⁵
247 2850 308 2910 Sed
332 2855 369 2909 ut
391 2849 537 2925 cognovit
558 2849 732 2951 Antonium
753 2855 826 2927 post
853 2849 962 2925 fugam
982 2869 1001 2910 a
1021 2847 1065 2910 M.
1090 2851 1211 2928 Lepido

154 3004 156 3026 ;
207 2959 368 3033 receptum
390 2959 571 3030 ceterosque
598 2954 693 3012 duces
718 2959 750 3013 et
773 2954 928 3014 exercitus
954 2955 1130 3015 consentire
1154 2973 1249 3034 prosc

207 3059 360 3138 partibus,
373 3077 498 3119 causam
509 3058 711 3135 optimatium
723 3058 790 3117 sine
801 3059 999 3119 cunctatione
1013 3059 1161 3155 dqseruit,
1169 3046 1211 3121 ad

207 3170 407 3244 praetextum
421 3169 561 3223 mutatae
575 3163 748 3222 voluntatis
763 3163 848 3223 dicta
859 3164 1006 3240 factaque
1015 3166 1211 3243 quorundam

207 3269 416 3331 calumniatus
438 3269 528 3346 quasi
550 3268 605 3328 alii
624 3288 656 3328 se
676 3288 816 3346 puerum,
831 3269 887 3329 alii
908 3270 1082 3329 ornandum
1103 3271 1212 3331 tollen·

206 3350 536 3453 dumqus'iactassent
556 3394 595 3433 ne
616 3380 672 3434 aut
693 3374 755 3434 sibi
775 3380 832 3433 aut
852 3375 1009 3434 veteranis
1032 3395 1090 3453 par
1110 3377 1211 3452 gratia

208 3481 388 3541 referretur.
439 3481 482 3539 Et
509 3480 692 3557 quo'magis
718 3479 944 3556 paenitentiam
966 3480 1080 3558 prioris
1109 3487 1249 3542 sectaesc

208 3562 406 3663 approbaret,
427 3584 594 3658 Nursinos,
616 3583 728 3658 grandi
754 3584 886 3661 pecunia
907 3589 939 3643 et
961 3604 1055 3662 quam
1076 3588 1211 3664 pendere

209 3674 377 3768 nequirent
390 3689 550 3762 multatos,
565 3693 705 3747 extorres
720 3688 837 3765 oppido
856 3689 922 3764 egit
936 3686 1020 3764 quod
1037 3678 1211 3753 Mutinensi
