2812 4140
444 268 555 320 mana
580 268 616 320 n.
652 269 764 321 orvus
787 267 978 320 nucusrus
1172 256 1211 322 57

212 441 319 520 pontis
341 440 565 502 consauciatus.
608 440 743 518 Reliqua
758 460 814 518 per
828 441 947 517 legatos
968 441 1214 517 administravit,

213 552 250 606 ut
270 552 376 607 tamen
397 546 585 623 quibusdam
608 545 797 605 Pannonicis
820 553 916 622 atque
942 545 1137 606 Germanicis
1160 551 1215 606 aut

214 652 420 712 interveniret
433 658 489 711 aut
503 670 566 710 non
580 652 672 727 longe
685 651 819 726 abesset,
836 652 1019 711 Ravennam
1033 652 1084 711 vel
1099 651 1217 710 Medio

214 757 333 818 lanium
347 756 398 816 vel
413 756 593 833 Aquileiam
607 775 706 833 usque
720 756 760 816 ab
773 756 850 815 urbe
864 756 1076 834 progrediens.

157 876 190 925 21
252 862 384 922 Domuit
414 868 518 922 autem
551 861 669 940 partim
700 862 797 922 ductu
828 863 945 940 partim
972 862 1122 940 auspiciis
1151 861 1240 923 suiss

114 1004 116 1008 .
214 967 425 1043 Cantabriam,
455 968 668 1045 Aquitaniam,
697 967 902 1043 Pannoniam,
926 967 1119 1027 Delmatiam
1147 986 1217 1026 oum

100 1136 104 1151 ,
215 1073 345 1152 illyrico
370 1073 463 1147 omni,
485 1073 562 1132 item
587 1072 732 1133 Raetiam
753 1078 785 1132 et
806 1072 987 1134 Vindelicos
1008 1091 1045 1132 ac
1066 1063 1216 1147 Salassos,
1302 1094 1306 1106 ¹

215 1184 323 1256 gentes
334 1178 505 1256 inalpinas.
538 1178 683 1238 Coerouit
693 1184 726 1238 et
736 1180 892 1238 Dacorum
903 1176 1106 1252 incursiones,
1116 1177 1217 1237 tribue
1283 1163 1297 1174 ”

216 1303 322 1344 eorum
347 1283 478 1343 ducibus
503 1302 574 1342 cum
599 1301 711 1359 magna
736 1282 826 1360 copia
850 1282 958 1358 caesis,
983 1283 1218 1359 Germanosque

215 1389 300 1449 ultra
321 1388 429 1451 Albim
449 1388 581 1447 fluvium
603 1388 783 1463 summovit,
798 1406 836 1447 ex
851 1387 964 1464 quibus
987 1386 1104 1447 Suebos
1123 1393 1155 1446 et
1174 1387 1219 1447 Si·
1228 1401 1256 1446 10

217 1493 360 1570 gembres
382 1492 526 1552 dedentis
542 1512 574 1552 se
589 1493 732 1552 traduxit
749 1493 783 1550 in
802 1492 939 1552 Galliam
960 1497 1055 1569 atque
1070 1492 1104 1551 in
1117 1491 1219 1570 proxi·

217 1599 276 1658 mis
299 1598 409 1658 Rheno
430 1599 513 1674 agris
536 1598 719 1658 conlocavit.
761 1597 851 1657 Alias
873 1598 950 1657 item
973 1598 1116 1658 nationes
1138 1597 1218 1656 male

194 1705 339 1781 aquietas
354 1705 394 1763 ad
409 1704 592 1780 obsequium
609 1703 739 1780 redegit.
781 1704 850 1763 Nec
863 1703 922 1761 ulli
941 1703 1029 1779 genti
1043 1703 1111 1762 sine
1126 1702 1218 1763 iustis

218 1815 250 1869 et
273 1809 456 1869 necessariis
483 1809 584 1869 causis
609 1809 726 1868 bellum
752 1809 863 1868 intulit
887 1813 1073 1886 tantumque
1097 1808 1181 1869 afuit
1201 1827 1220 1868 a

218 1915 392 1992 cupiditate
412 1933 537 1991 quoquo
557 1914 648 1974 modo
667 1914 835 1991 imperium
854 1915 904 1973 vel
923 1913 1069 1974 bellicam
1088 1913 1220 1990 gloriam
1230 1927 1259 1973 15

217 2020 353 2096 augendi
379 2025 416 2079 ut
444 2020 639 2096 quorundam
666 2019 869 2079 barbarorum
897 2019 1055 2096 principes
1084 2019 1118 2077 in
1144 2018 1221 2078 aede

219 2124 333 2185 Martis
345 2123 469 2184 Ultoris
484 2124 586 2184 iurare
602 2125 738 2200 coegerit
752 2143 914 2184 mansuros
927 2143 960 2184 se
971 2123 1005 2182 in
1018 2123 1081 2183 fide
1095 2142 1131 2183 ac
1146 2141 1222 2201 pace

220 2249 314 2307 quam
327 2234 482 2307 peterent,
496 2248 515 2289 a
530 2229 717 2306 quibusdam
731 2248 805 2288 vero
819 2249 936 2288 novum
955 2248 1052 2305 genus
1068 2228 1221 2304 obsidum,

220 2334 364 2409 feminas,
381 2335 504 2411 exigere
519 2335 733 2412 temptaverit,
746 2335 829 2411 quod
843 2335 1007 2410 neglegere
1022 2332 1143 2394 marum
1158 2333 1223 2411 pig-

220 2459 295 2500 nera
320 2440 493 2515 sentiebat;
522 2446 554 2499 et
578 2445 684 2499 tamen
711 2443 902 2516 potestatem
931 2459 1054 2517 semper
1078 2432 1261 2498 omnibusne

221 2546 298 2605 feeit
326 2546 471 2622 quotiens
500 2544 619 2604 vellent
647 2544 770 2604 obsides
799 2545 979 2621 reeipiendi.
1028 2545 1141 2621 Neque
1168 2549 1224 2603 aut

222 2650 358 2710 crebrius
384 2656 439 2710 aut
467 2650 665 2727 perfidiosius
694 2649 876 2709 rebellantis
905 2650 1047 2725 graviore
1073 2668 1223 2726 umquam

221 2756 307 2815 ultus
329 2760 377 2814 est
399 2774 505 2832 poena,
518 2774 612 2831 quam
631 2760 668 2813 ut
687 2755 828 2832 captivos
851 2754 909 2813 sub
929 2755 998 2830 lege
1020 2755 1223 2830 venundaret,

222 2881 260 2921 ne
275 2861 309 2920 in
323 2861 427 2920 vicina
441 2861 566 2936 regione
583 2860 738 2921 servirent
752 2879 831 2920 neve
845 2860 930 2920 intra
944 2861 1159 2920 tricensimum
1173 2879 1225 2920 an-

199 2982 298 3026 anum
322 2965 539 3026 liberarentur.
582 2966 650 3035 Qua
672 2962 800 3025 ¹virtutis
830 2965 1115 3042 moderationisque
1140 2965 1263 3026 famam

223 3073 319 3131 Indos
335 3072 432 3132 etiam
446 3074 482 3131 ao'
498 3071 631 3149 Scythas
650 3071 762 3131 auditu
777 3070 869 3130 modo
885 3071 1024 3147 cognitos
1040 3071 1172 3148 pellexit
1185 3071 1225 3131 ad

223 3178 395 3238 amicitiam
411 3197 499 3238 suam
521 3178 692 3255 populique
708 3179 797 3238 Rom.
813 3179 898 3237 ultro
913 3197 968 3255 per
982 3178 1101 3254 legatos
1121 3184 1226 3256 peten-

223 3284 304 3343 dam.
346 3284 458 3343 Parthi
479 3303 601 3360 quoque
616 3290 648 3343 et
663 3284 846 3343 Armeniam
862 3282 1037 3343 vindicanti
1054 3282 1148 3343 facile
1166 3302 1227 3342 ces·

225 3395 334 3450 serunt
351 3396 382 3450 et
401 3391 490 3466 signa
511 3390 661 3449 militaria
679 3409 757 3467 quae
776 3392 819 3449 M.
841 3390 953 3449 Crasso
975 3397 1006 3449 et
1027 3391 1071 3448 M.
1088 3388 1227 3448 Antonio

224 3496 406 3557 ademerant
438 3496 614 3573 reposcenti
645 3496 850 3555 reddiderunt
881 3496 1067 3579 obsidesque
1099 3494 1266 3571 insuperto

225 3601 423 3678 optulerunt3
442 3600 586 3677 denique,
602 3600 746 3678 pluribus
762 3595 919 3677 quondam
937 3601 975 3659 de
995 3618 1090 3675 regno
1108 3617 1228 3659 concer-

226 3706 376 3779 tantibus,
391 3724 454 3764 non
468 3705 531 3765 nisi
544 3705 585 3765 ab
599 3705 817 3782 ipsoelectum
831 3704 1052 3782 probaverunt.
1120 3767 1123 3773 ,
1242 3714 1246 3723 ’
