2812 4140
487 275 644 327 11011111.
682 276 794 328 111110
818 277 939 328 101110
1175 265 1216 330 39

209 446 275 522 alii,
289 467 328 507 ne
344 451 490 507 conatum
506 448 634 524 quidem
655 448 792 524 omnino,
808 448 972 508 sedetiam
993 448 1215 510 admonentem

210 552 325 613 Gaium
353 553 537 613 Trebatium
561 558 598 613 ut
610 559 790 630 assurgeret
818 553 922 615 minus
947 554 1099 614 familiari
1123 555 1215 615 vultu

184 646 394 736 arespexisse.
437 658 539 736 quue
560 658 681 718 factum
704 657 771 719 eius
796 663 886 719 tanto
911 659 1141 720 intolerabilius
1165 667 1214 721 est

207 763 312 824 visum
325 764 410 840 quod
427 763 496 841 ipse
511 763 721 841 triumphanti
736 768 768 823 01
783 763 932 824 subsellia
946 765 1115 825 tribunicia
1128 785 1215 844 prae·

207 869 385 929 tervehenti
410 869 471 928 sibi
492 887 590 927 unum
611 887 628 928 0
650 869 781 944 collegio
805 869 955 928 Pontium
977 869 1126 946 Aquilam
1150 889 1238 933 11010

206 973 416 1034 assurrexisse
454 974 532 1033 adeo
569 973 752 1050 indignatus
791 975 833 1034 sit
874 980 912 1035 ut
952 976 1212 1052 proclamaverit:

207 1080 361 1157 Repete
384 1098 478 1156 ergo
501 1098 521 1139 a
545 1098 614 1154 me,
633 1079 796 1156 Aquila,
816 1099 894 1139 rem
917 1080 1122 1158 publicam
1146 1083 1214 1142 tri-

206 1183 353 1243 bunus!
395 1189 428 1244 et
444 1203 501 1244 nec
518 1184 679 1244 destiterit
698 1204 755 1263 per
776 1185 939 1244 continuos
959 1185 1027 1245 dies
1044 1186 1213 1263 quicquam

207 1289 353 1366 cuiquam
371 1289 434 1348 nisi
449 1289 507 1348 sub
522 1290 705 1367 exceptione
727 1291 887 1367 polliceri:
918 1290 958 1350 Si
986 1296 1120 1351 tamen
1142 1311 1213 1370 per

206 1394 397 1455 Pontium
417 1395 608 1471 Aquilam
630 1395 810 1455 licuerit.
1222 1413 1251 1459 10

147 1509 184 1560 79
247 1499 374 1560 Adiecit
387 1501 428 1559 ad
443 1505 509 1559 tam
523 1500 679 1576 insignem
694 1501 835 1578 despecti
850 1506 977 1562 senatus
990 1503 1213 1563 contumeliam

206 1604 307 1664 multo
327 1605 525 1680 arrogantius
547 1605 676 1664 factum.
718 1607 801 1664 Nam
822 1625 892 1665 cum
907 1606 940 1664 in
955 1606 1108 1666 sacrificio
1129 1608 1214 1668 Lati-

206 1729 326 1785 narum,
342 1715 519 1770 revertente
534 1729 569 1769 eo
584 1710 666 1770 inter
684 1710 856 1770 inmodicas
873 1729 910 1771 ac
927 1730 1024 1771 novas
1042 1713 1152 1790 populi
1166 1732 1213 1773 ac-

207 1815 419 1889 clamationes,
430 1815 559 1891 quidam
570 1835 587 1874 0
599 1815 691 1875 turba
704 1821 826 1875 statuae
838 1815 905 1875 eius
917 1835 1062 1876 coronam
1073 1817 1213 1878 lauream

207 1920 339 1980 candida
363 1919 463 1979 fascia
487 1920 662 1998 praeligata
690 1920 883 1998 inposuisset
908 1927 940 1982 et
964 1922 1085 1982 tribuni
1109 1923 1211 2001 plebis
1222 1936 1251 1981 10

205 2025 339 2102 Epidius
360 2025 517 2084 Marullus
539 2025 764 2102 Caesetiusque
787 2027 904 2086 Flavus
928 2046 1057 2087 coronae
1080 2027 1212 2088 fasciam

205 2130 330 2189 detrahi
343 2130 564 2207 hominemque
577 2130 651 2189 duci
659 2131 693 2189 in
704 2131 831 2191 vincula
845 2132 1020 2208 iussissent,
1032 2133 1141 2193 dolens
1157 2152 1212 2193 seu

206 2253 318 2312 parum
331 2254 480 2313 prospere
495 2241 613 2295 motam
627 2236 716 2312 regni
731 2237 923 2297 mentionem
938 2237 1014 2313 sive,
1028 2243 1065 2297 ut
1079 2238 1211 2313 ferebat,

206 2346 346 2416 ereptam
362 2340 422 2399 sibi
436 2340 568 2416 gloriam
583 2342 757 2417 recusandi,
769 2342 912 2401 tribunos
927 2343 1066 2417 graviter
1080 2342 1212 2421 increpi-

182 2449 254 2505 1100
276 2450 434 2523 potestate
455 2445 603 2523 privavit.
645 2446 757 2523 Neque
777 2466 816 2506 ex
834 2466 870 2506 eo
885 2447 1050 2506 infamiam
1069 2447 1251 2508 affectatiao

206 2549 301 2609 etiam
316 2549 394 2625 regii
412 2550 549 2609 nominis
570 2532 727 2610 discutere
741 2551 852 2626 valuit,
867 2570 1047 2628 quanquam
1061 2557 1093 2612 01
1107 2552 1212 2630 plebei

206 2673 310 2730 regem
322 2655 518 2715 sesalutanti
533 2655 744 2716 Caesarem
763 2675 812 2731 se,
828 2675 1050 2733 nonrogem
1065 2675 1152 2717 0000
1167 2676 1212 2718 re

206 2759 369 2836 sponderit
387 2765 419 2819 et
436 2760 662 2837 Lupercalibus
684 2781 741 2840 pro
764 2761 874 2821 rostris
889 2780 908 2820 a
922 2762 1049 2821 consule
1070 2761 1210 2823 Antonio

205 2865 366 2924 admotum
382 2866 507 2942 saepius
536 2867 633 2945 capiti
648 2886 704 2926 010
717 2867 862 2926 diadema
877 2866 1053 2945 reppulerit
1065 2872 1161 2944 atque
1175 2868 1210 2926 in

181 2969 398 3047 adapitolium
422 2971 493 3030 Iovi
515 2971 643 3050 Optimo
667 2972 808 3031 Maximo
832 2972 963 3032 miserit.
1005 2972 1089 3042 Quin
1113 2973 1247 3033 etiam25

205 3075 292 3134 varia
320 3075 405 3135 fama
436 3077 631 3155 percrebruit
662 3077 871 3153 migraturum
898 3076 1130 3137 Alexandream
1157 3077 1208 3136 vel

205 3180 311 3254 Ilium,
327 3182 489 3242 translatis
506 3182 599 3243 simul
615 3182 727 3259 opibus
742 3182 868 3260 imperii
882 3183 1097 3259 exhaustaque
1112 3183 1209 3243 Italia

204 3285 371 3345 dilectibus
383 3292 416 3346 01
426 3287 644 3364 procuratione
654 3287 741 3346 urbis
755 3287 864 3347 amieis
876 3287 1045 3365 permissa;
1064 3287 1208 3366 proximo

123 3435 127 3440 .
204 3396 311 3450 autem
335 3397 447 3452 senatu
470 3393 603 3452 Lucium
626 3394 753 3454 Cottam
777 3393 1061 3470 quindecimvirum
1087 3398 1209 3452 senten-

206 3496 283 3555 tiam
301 3496 459 3556 dicturum
478 3503 523 3572 ut,
546 3498 694 3575 quoniam
713 3497 863 3558 fatalibus
885 3497 974 3557 libris
995 3497 1246 3558 continereturso

205 3601 340 3660 Parthos
361 3601 424 3661 nisi
444 3622 463 3662 a
484 3621 555 3678 rege
576 3622 639 3661 non
656 3621 747 3681 posse
762 3602 856 3679 vinci,
871 3602 985 3663 Caesar
999 3620 1054 3662 rex
1071 3603 1209 3681 appella

207 3712 299 3764 retur.
