2812 4140
204 271 246 334 62
287 280 317 332 c.
343 280 498 332 suuroru
520 281 748 343 resnoumur
770 281 820 330 nn
844 281 935 331 vrrs
958 280 1160 332 cassanum

203 455 329 529 honore,
345 473 472 514 censum
486 459 591 514 tamen
601 454 712 532 populi
726 459 775 514 ter
789 454 862 530 egit,
874 454 1011 530 primum
1025 472 1061 512 ac
1074 453 1204 512 tertium

205 579 275 618 oum
291 559 417 635 collega,
434 559 571 618 medium
587 559 680 618 solus.

244 666 292 723 De
307 664 465 723 reddenda
480 683 512 723 re
530 684 559 741 p.
574 664 623 723 bis
643 665 810 740 cogitavit:
833 665 969 742 primum
990 671 1063 743 post
1081 684 1206 741 oppres·
1228 674 1264 722 28

206 788 275 828 sum
290 769 399 829 statim
410 769 593 845 Antonium,
606 788 723 829 memor
734 770 890 831 obiectum
901 770 961 829 sibi
972 770 1012 829 ab
1023 789 1059 828 eo
1071 769 1204 846 saepius

181 875 296 953 uquasi
309 894 366 952 per
387 875 492 952 ipsum
513 880 612 934 staret
633 895 672 935 ne
693 875 894 950 redderetur;
915 894 951 935 ac
973 893 1080 933 rursus
1101 875 1206 934 taedio

206 981 373 1039 diuturnae
387 980 582 1056 valitudinis,
598 1000 668 1039 oum
683 981 779 1040 etiam
793 980 1029 1057 magistratibus
1044 1000 1080 1040 ac
1095 985 1206 1039 senatu

206 1086 334 1145 domum
354 1086 463 1145 accitis
485 1087 690 1146 rationarium
711 1087 836 1163 imperii
857 1087 997 1147 tradidit.
1042 1087 1102 1145 Sed
1119 1104 1208 1162 repu-

162 1250 165 1257 ,
207 1196 278 1250 tans
293 1197 325 1250 et
340 1209 373 1250 se
387 1190 547 1268 privatum
565 1210 628 1250 non
648 1191 714 1250 sine
733 1182 872 1268 periculo
893 1192 961 1250 fore
980 1196 1012 1250 et
1033 1191 1121 1250 illam
1142 1190 1208 1268 plu-

207 1297 289 1355 rium
302 1295 434 1356 arbitrio
449 1302 565 1356 temere
580 1297 744 1371 committi,
760 1297 792 1354 in
807 1297 970 1356 retinenda
985 1296 1207 1374 perseveravit,

170 1413 198 1458 10
207 1401 337 1460 dubium
352 1407 467 1460 eventu
481 1401 608 1460 meliore
622 1421 662 1461 an
676 1401 847 1461 voluntate.
889 1402 988 1471 Quam
1003 1401 1231 1474 voluntatem,2

208 1526 279 1566 cum
300 1525 375 1584 prae
397 1525 429 1565 se
451 1506 624 1566 identidem
644 1507 753 1582 ferret,
769 1507 903 1583 quodam
925 1506 1020 1565 etiam
1042 1507 1144 1566 edicto
1158 1505 1207 1563 his

208 1611 312 1671 verbis
334 1617 469 1670 testatus
492 1617 556 1671 est:
578 1613 641 1671 Ita
658 1611 757 1670 mihi
781 1611 934 1671 salvam
950 1631 990 1671 ac
1012 1611 1209 1688 sospitem

208 1736 288 1776 rem
309 1736 339 1793 p.
362 1717 514 1776 sistere
545 1717 585 1775 in
617 1735 687 1776 sua
709 1717 801 1775 sede
828 1716 956 1776 liceat
982 1716 1208 1792 atqueeius

209 1821 268 1881 rei
292 1821 471 1880 fructum
495 1814 709 1899 percipere
733 1841 846 1898 quem
869 1827 972 1898 pete,
994 1827 1036 1879 ut
1061 1820 1209 1898 optimi

171 1932 345 1986 15status
366 1932 508 1985 auctor
533 1927 646 1985 dicar
667 1933 705 1985 et
727 1927 901 1985 moriens
926 1931 969 1984 ut
994 1927 1120 1985 feram
1142 1945 1210 1984 me-

210 2051 294 2091 cum
329 2049 447 2108 spem,
476 2050 661 2090 mansura
693 2031 732 2088 in
760 2031 940 2106 vestigio
970 2050 1039 2090 suo
1074 2030 1210 2090 funda

210 2141 342 2196 menta
367 2136 425 2194 rei
450 2156 479 2213 p.
503 2155 603 2212 quae
627 2136 768 2195 iecero.
805 2136 1210 2213 Fecitqueipsesecompo

210 2248 274 2302 tem
285 2241 360 2316 voti,
371 2241 459 2300 nisus
474 2241 559 2300 omni
570 2242 661 2299 modo
672 2260 711 2300 ne
722 2261 815 2318 quem
826 2241 900 2299 novi
910 2247 1011 2301 status
1026 2242 1208 2318 paeniteret.

211 2347 331 2407 Urbem
350 2365 451 2422 neque
470 2366 528 2424 pro
545 2346 709 2406 maiestate
728 2346 853 2423 imperii
872 2352 1015 2406 ornatam
1032 2352 1064 2405 et
1082 2347 1233 2408 munda-3

172 2452 349 2512 actionibus
369 2451 584 2528 incendiisque
604 2451 770 2510 obnoxiam
788 2451 925 2510 excoluit
939 2452 1016 2511 adeo
1031 2458 1067 2511 ut
1081 2452 1147 2510 iure
1167 2452 1210 2511 sit

210 2557 362 2634 gloriatus
404 2575 673 2617 marmoream
715 2576 756 2616 se
796 2557 1052 2634 relinquere,
1091 2575 1209 2633 quam

211 2661 443 2722 latericiam
465 2662 704 2739 accepisset.
748 2663 1211 2739 Tutamvero,quantumpro

210 2768 311 2827 videri
320 2767 457 2827 humana
468 2767 588 2826 ratione
599 2767 712 2844 potuit,
723 2768 817 2826 etiam
829 2768 862 2826 in
871 2775 1031 2846 posterum
1040 2768 1208 2844 praestitit.

250 2873 381 2932 Publica
395 2892 490 2950 opera
501 2873 638 2950 plurima
649 2873 798 2946 extruxit,
810 2873 951 2949 equibus
963 2873 1012 2932 vel
1025 2873 1208 2950 praecipua:
1232 2882 1268 2932 29

172 2979 314 3037 ruforum
338 2998 407 3037 cum
430 2979 506 3037 aede
530 2978 643 3037 Martis
666 2977 799 3051 Ultoris,
821 2978 974 3055 templum
997 2978 1154 3054 Apollinis
1177 2978 1210 3034 in

210 3084 343 3157 Palatio,
367 3084 476 3143 aedem
500 3084 651 3143 Tonantis
677 3083 762 3142 Iovis
791 3083 824 3141 in
852 3083 1016 3161 Capitolio.
1067 3082 1140 3141 Fori
1161 3102 1210 3141 ex-

211 3189 337 3248 truendi
365 3208 458 3249 causa
485 3190 548 3249 fuit
571 3190 733 3249 hominum
758 3196 790 3249 et
818 3190 1004 3248 iudiciorum
1030 3188 1208 3263 multitud0,

211 3313 290 3370 quae
317 3294 484 3355 videbatur
510 3316 573 3355 non
596 3296 820 3356 sufficientibus
850 3297 969 3356 duobus
995 3294 1209 3354 etiamtertio

211 3399 368 3476 indigere3
390 3400 497 3478 itaque
511 3402 692 3462 festinatius
707 3403 840 3462 necdum
854 3402 995 3479 perfecta
1008 3400 1122 3460 Martis
1133 3399 1209 3459 aede

173 3505 406 3582 sopublicatum
430 3514 479 3566 est
504 3514 692 3584 cautumque
715 3513 752 3567 ut
775 3507 945 3585 separatim
968 3507 1001 3565 in
1024 3526 1059 3565 οο
1084 3504 1210 3583 publica

211 3610 327 3672 iudicia
354 3618 386 3671 et
414 3612 593 3672 sortitiones
622 3613 760 3671 iudicum
788 3612 908 3672 fierent.
951 3611 1071 3670 Aedem
1095 3609 1234 3669 Martis‘r

210 3715 293 3775 bello
312 3715 512 3795 Philippensi
531 3737 588 3795 pro
606 3717 727 3777 ultione
746 3723 877 3794 paterna
898 3721 1043 3792 suscepto
1064 3719 1210 3789 voverat3
