2812 4140
201 255 243 319 68
285 267 314 318 e.
341 266 497 318 suurour
519 266 747 328 russonum
770 267 819 316 ns
843 267 933 318 vna
956 266 1158 319 cassanum

200 438 241 498 ad
265 439 437 517 praetorios
467 445 665 517 praetoresve
693 439 852 513 transiret,
880 445 916 498 ut
944 439 1202 500 centumviralem

200 545 325 606 hastam
345 565 439 623 quam
460 551 661 624 quaesturam
683 546 786 605 functi
809 551 995 606 consuerant
1020 565 1129 622 cogere
1152 547 1202 606 de-

201 651 331 712 cemviri
345 657 497 728 cogerent.

240 756 369 835 Quoque
383 759 489 836 plures
504 764 627 836 partem
643 759 911 819 administrandae
930 759 976 818 rei
996 779 1026 837 p.
1045 765 1200 836 caperent,
1224 766 1259 816 37

175 876 282 923 onova
295 863 396 923 officia
410 864 617 940 excogitavit:
641 883 747 924 curam
761 883 890 942 operum
905 864 1111 942 publicorum,
1139 865 1201 924 via-

200 989 279 1044 rum,
293 989 455 1046 aquarum,
473 970 555 1029 alvei
572 969 705 1043 Tiberis,
720 969 873 1028 frumenti
890 969 1007 1047 populo
1024 969 1199 1044 dividundi,

200 1074 431 1153 praefecturam
444 1075 540 1149 urbis,
560 1075 795 1134 triumviratum
816 1075 941 1150 legendi
959 1079 1085 1133 senatus
1107 1079 1139 1134 et
1159 1075 1200 1134 al-

199 1185 302 1239 terum
323 1180 563 1255 recognoscendi
585 1186 704 1240 turmas
727 1180 878 1256 equitum,
893 1180 1100 1256 quotiensque
1121 1199 1199 1257 opus

199 1291 290 1345 esset.
319 1285 484 1345 'Censores
506 1285 605 1345 creari
625 1286 743 1344 desitos
766 1285 859 1360 longo
882 1285 1051 1344 intervallo
1072 1286 1198 1345 creavit.

161 1400 190 1446 10
206 1390 382 1450 Numerum
404 1396 584 1467 praetorum
605 1391 702 1451 auxit.
745 1389 860 1465 Exegit
879 1390 974 1449 etiam
989 1395 1034 1465 ut,
1054 1390 1199 1466 quotiens

199 1495 378 1555 consulatus
401 1496 462 1555 sibi
480 1497 617 1570 daretur,
632 1495 722 1555 binos
740 1515 797 1573 pro
813 1496 945 1572 singulis
961 1496 1095 1571 collegas
1110 1496 1201 1555 habe-

199 1606 255 1674 ret,
271 1619 328 1659 neo
344 1602 492 1678 optinuit,
508 1601 750 1661 reclamantibus
770 1601 889 1660 cunctis
910 1601 987 1660 satis
1003 1601 1199 1660 maiestatem

198 1705 264 1764 eius
293 1705 436 1764 imminui
464 1707 547 1783 quod
575 1707 724 1765 honorem
749 1725 820 1765 eum
847 1724 910 1764 non
933 1706 1018 1765 solus
1047 1706 1101 1765 sed
1130 1725 1200 1765 oum

197 1811 297 1869 altero
318 1817 447 1886 gereret.

160 1929 189 1975 115
237 1916 305 1975 Nec
319 1916 442 1992 parcior
456 1917 489 1974 in
503 1917 616 1976 bellica
627 1918 745 1977 virtute
759 1918 949 1992 honoranda,
960 1936 1054 1994 super
1068 1917 1200 1992 triginta
1223 1926 1259 1975 38

198 2020 328 2080 ducibus
351 2021 450 2080 iustos
473 2021 650 2099 triumphos
674 2027 706 2082 et
734 2023 895 2100 aliquanto
920 2021 1063 2100 pluribus
1092 2021 1199 2080 trium·

198 2125 305 2202 phalia
319 2131 502 2186 ornamenta
515 2127 710 2187 deremenda
731 2127 860 2187 curavit.

236 2230 358 2290 Liberis
381 2237 570 2306 senatorum,
598 2251 660 2309 quo
682 2232 812 2291 celerius
840 2233 886 2292 rei
913 2253 943 2310 p.
975 2239 1223 2307 assuescerent,2

197 2335 340 2413 protinus
361 2355 381 2396 a
401 2336 487 2395 virili
511 2342 584 2412 toga
608 2337 707 2395 latum
733 2337 856 2419 olavum
882 2337 1011 2396 induere
1036 2343 1069 2396 et
1096 2337 1198 2396 curiae

159 2441 348 2501 winteresse
366 2441 511 2518 permisit
533 2441 742 2518 militiamque
763 2441 998 2518 auspicantibus
1020 2461 1082 2500 non
1104 2442 1199 2501 tribu-

197 2553 306 2606 natum
320 2547 412 2605 modo
425 2516 593 2623 legionum,
609 2547 662 2605 sed
678 2553 710 2606 et
724 2547 937 2624 praefecturas
954 2546 1075 2606 alarum
1093 2547 1198 2621 dedit;

197 2671 234 2712 ac
253 2671 293 2712 ne
314 2653 369 2729 qui
390 2671 501 2730 expers
524 2658 696 2713 castrorum
718 2657 809 2727 esset,
824 2652 914 2711 binos
931 2653 1116 2730 plerumque
1131 2648 1199 2712 lati-

199 2757 315 2816 clavios
329 2758 511 2835 praeposuit
526 2758 657 2834 singulis
672 2758 739 2818 alis.

237 2863 389 2939 Equitum
410 2869 530 2924 turmas
556 2864 739 2940 frequenter
766 2864 955 2940 recognovit,
977 2870 1049 2941 post
1073 2864 1222 2940 longam3

159 2967 465 3045 romaemapedinem
492 2969 622 3028 reducto
649 2987 734 3027 more
756 2969 969 3029 travectionis.
1012 2969 1072 3027 Sed
1097 2988 1198 3045 neque

199 3071 323 3132 detrahi
343 3092 532 3151 quemquam
553 3074 586 3132 in
607 3074 799 3133 travehendo
820 3074 860 3133 ab
886 3078 1065 3133 accusatore
1087 3093 1198 3150 passus

199 3184 256 3252 est,
278 3178 361 3254 quod
382 3179 450 3238 fieri
472 3179 600 3254 solebat,
616 3185 648 3238 et
670 3180 755 3239 senio
773 3179 822 3238 vel
844 3179 950 3256 aliqua
972 3179 1109 3255 corporis
1129 3179 1198 3238 labe
1290 3193 1294 3200 ·

199 3281 373 3358 insignibus
401 3285 554 3361 permisit,
582 3285 754 3362 praemisso
782 3284 815 3342 in
842 3285 950 3344 ordine
978 3303 1066 3361 equ0,
1088 3284 1128 3344 ad
1156 3304 1200 3343 re-

200 3388 416 3466 spondendum
437 3389 582 3466 quotiens
611 3391 782 3450 citarentur
809 3390 942 3467 pedibus
969 3389 1094 3464 venire,
1126 3409 1198 3448 mox

160 3493 350 3553 acreddendi
371 3494 444 3571 equi
471 3493 604 3570 gratiam
632 3495 709 3554 fecit
733 3495 777 3555 eis
804 3495 858 3571 qui
886 3494 1018 3554 maiores
1046 3514 1198 3554 annorum

199 3599 337 3676 quinque
351 3605 383 3659 et
397 3599 529 3675 triginta
543 3600 677 3659 retinere
691 3619 762 3659 eum
776 3600 905 3660 nollent.

238 3704 483 3781 Impetratisque
498 3724 517 3764 a
528 3710 639 3766 senatu
652 3704 759 3764 decem
770 3704 975 3780 adiutoribus,
987 3725 1085 3764 unum
1096 3725 1201 3784 quem·
1223 3715 1257 3764 39
