2812 4140
332 318 337 322 -
437 286 971 340 111111111111111111001111111
1166 274 1206 338 79
1248 315 1250 319 -

204 463 383 522 auctoribus
398 462 431 520 id
447 462 539 520 modo
554 461 685 535 censuit,
701 461 948 537 cognoscendum
963 459 1094 536 posthac
1107 458 1147 517 de
1167 457 1206 517 iis

205 568 260 645 qui
271 567 395 626 libellos
406 573 462 627 aut
473 566 611 626 carmina
621 566 661 625 ad
673 565 838 625 infamiam
850 565 1024 642 cuiuspiam
1036 563 1094 623 sub
1104 563 1208 624 alieno

204 673 330 732 nomine
345 673 448 732 edant.

147 784 183 834 56
246 778 328 838 Ιο011
353 796 475 855 quoque
501 777 696 854 quorundam
723 775 887 835 invidiosis
912 781 968 836 aut
992 773 1207 853 petulantibus
1235 807 1239 812 ·

151 922 152 927 κ
206 883 380 957 lacessitus,
393 882 594 942 contradixit
608 881 720 941 edicto.
758 883 801 941 Et
814 886 921 941 tamen
935 899 974 939 ne
985 880 1024 940 de
1037 879 1231 938 inhibendas

206 993 466 1048 testamentorum
494 987 622 1046 licentia
649 987 818 1063 quicquam
846 985 1089 1045 constitueretur
1115 984 1210 1044 inter-

206 1093 309 1152 cessit.
345 1092 495 1162 Quotiens
510 1093 752 1168 magistratuum
768 1091 903 1150 comitiis
919 1091 1095 1165 interesset,
1107 1090 1208 1150 tribus

207 1217 277 1256 cum
299 1197 474 1258 candidatis
496 1197 560 1256 suis
583 1197 736 1257 circuibat
760 1196 1020 1274 supplicabatque
1045 1214 1130 1255 more
1151 1194 1210 1254 sol-

206 1304 311 1363 lemni.
334 1302 488 1362 'Ferebat
509 1308 542 1362 et
563 1302 631 1380 ipse
656 1301 841 1378 suffragium
862 1301 895 1360 in
917 1301 1011 1376 tribu,
1032 1306 1069 1361 ut
1089 1319 1170 1360 unus
1192 1319 1209 1361 e

206 1408 331 1486 popule.
375 1409 503 1467 Testem
525 1426 558 1467 se
579 1406 620 1471 in,
633 1407 758 1466 iudiciis
784 1413 816 1467 01
840 1407 1027 1483 interrogari
1048 1412 1081 1467 et
1105 1405 1210 1466 refelli
1219 1416 1248 1463 10

183 1513 395 1590 uaequissimo
423 1513 529 1573 animo
557 1512 744 1594 patiebatur.
800 1513 916 1571 Forum
943 1511 1108 1588 angustius
1132 1509 1210 1571 fecit

206 1637 269 1676 non
296 1636 390 1677 ausus
413 1603 605 1695 ¹extorquere
638 1617 868 1695 possessoribus
900 1616 1059 1695 proximas
1090 1617 1208 1676 (1011101.

206 1723 388 1800 Numquam
408 1722 491 1782 filios
513 1722 589 1785 'suos
614 1723 731 1800 populo
756 1722 987 1782 commendavit
1006 1728 1044 1782 ut
1064 1741 1127 1781 non
1147 1720 1211 1781 adi-
1264 1748 1266 1752 ³

207 1833 308 1886 ceret:
338 1828 378 1886 Si
406 1806 679 1888 merebuntur.
722 1827 851 1887 Eisdem
876 1827 1082 1904 praetextatis
1107 1826 1211 1886 adhuc

206 1938 416 1992 assurrectum
437 1931 478 1992 ab
499 1932 654 1992 universis
675 1933 709 1990 in
728 1932 852 1993 theatro
867 1939 899 1992 et
913 1951 932 1992 a
946 1932 1104 1992 stantibus
1125 1931 1211 2010 plau·
1220 1940 1249 1986 111

207 2057 275 2096 sum
297 2037 483 2114 gravissime
505 2044 635 2115 questus
657 2043 714 2097 011.
756 2038 884 2098 Amicos
903 2037 950 2098 ita
970 2055 1098 2114 magnos
1113 2041 1145 2097 et
1160 2055 1211 2114 po

205 2147 309 2202 tentes
331 2142 365 2201 in
388 2142 517 2202 civitate
539 2161 607 2202 esse
626 2142 728 2202 voluit
744 2147 782 2202 111
798 2148 904 2203 tamen
926 2142 995 2221 pari
1017 2142 1083 2202 iure
1105 2147 1210 2201 essent

182 2267 267 2325 aquo
283 2248 379 2307 ceteri
396 2248 581 2325 legibusque
596 2248 769 2308 iudiciariis
785 2266 883 2324 aeque
898 2253 1088 2309 tenerentur.
1131 2247 1210 2308 Cum

206 2353 366 2430 Asprenas
384 2353 507 2412 Nonius
522 2353 622 2412 artius
638 2353 667 2413 ei
681 2353 807 2412 iunctus
830 2372 955 2413 causam
969 2353 1112 2413 veneficii
1125 2371 1211 2412 accu-

206 2464 295 2526 sante
305 2448 417 2518 Cassio'
427 2459 541 2518 Severo
552 2459 681 2533 diceret,
694 2459 852 2518 consuluit
864 2464 1018 2533 senatum,
1033 2478 1082 2535 qu
1092 2458 1133 2516 id
1160 2457 1249 2516 of-uo

204 2560 290 2622 ficii
318 2562 585 2673 SWPUWW
607 2564 798 2623 cunctari
820 2564 924 2623 enim
952 2583 992 2623 se
1019 2582 1065 2622 ne
1094 2562 1128 2620 si
1157 2580 1212 2621 su·

205 2640 402 2765 peresddt,
423 2668 588 2745 eripere
614 2668 777 2745 legibus
806 2688 922 2744 reum,
946 2669 1009 2727 sin
1037 2668 1210 2742 deesset,

204 2770 427 2833 destituere
447 2792 489 2832 ac
511 2773 802 2850 praedamnare·
821 2774 989 2833 amicum
1008 2773 1212 2833 existima-

204 2883 335 2953 retuu3
358 2883 391 2938 et
415 2877 683 2937 consentientibus
708 2878 863 2938 universis
889 2879 972 2938 sedit
994 2879 1028 2936 in
1053 2877 1210 2937 subselliis

205 3002 261 3060 per
278 2966 404 3061 dliquot
420 2983 523 3058 horas,
539 3002 648 3042 verum
663 2983 777 3042 tacitus
793 2989 875 3043 etue
889 2983 1069 3043 laudatione
1084 2983 1249 3060 quidem25

180 3087 237 3146 4111
273 3076 345 3148 diali
356 3089 438 3148 data.
475 3087 580 3147 Affuit
591 3094 623 3147 et
635 3088 812 3163 clientibus,
825 3089 907 3148 sicut
922 3088 1065 3148 Scutario
1076 3088 1210 3162 cuidam,

205 3199 333 3297 eycato
373 3193 530 3271 quondam
570 3213 635 3268 1110,
671 3193 725 3270 qui
760 3194 980 3272 postulabatur
1014 3193 1209 3254 iniuriarum.

238 3316 314 3357 num
329 3299 455 3357 omnino
470 3318 487 3358 e
502 3318 625 3358 reorum
646 3318 776 3358 numero
795 3319 832 3360 ac
850 3318 890 3359 ne
909 3319 980 3359 eum
1001 3300 1128 3376 quidem
1148 3299 1212 3358 nisi

204 3404 349 3482 precibus
365 3405 491 3482 eripuit,
505 3411 632 3464 exorato
651 3424 754 3464 coram
773 3405 929 3464 iudicibus
949 3412 1138 3480 accusatore,
1158 3405 1213 3466 Ca

205 3510 359 3584 stricium,
374 3530 430 3588 per
445 3530 539 3586 quem
553 3510 821 3570 de'coniuratione
836 3512 987 3572 Murenae
1002 3516 1197 3587 cognoverat.
1221 3522 1250 3570 10

148 3626 181 3676 57
244 3617 307 3673 Pro
322 3615 436 3691 quibus
455 3615 577 3675 meritis
592 3621 710 3692 quanto
725 3634 818 3692 opere
838 3616 972 3675 dilectus
991 3616 1034 3675 sit
1053 3615 1146 3675 facile
1164 3621 1212 3675 est

206 3720 381 3780 aestimare.
426 3718 547 3779 Omitto
562 3725 688 3780 senatus
704 3696 856 3795 donsulta,
872 3721 946 3797 quia
965 3726 1097 3798 possunt
1111 3719 1212 3780 videri
