2812 4140
438 266 549 316 amna
573 265 609 315 11.
645 264 759 315 mvus
781 263 972 315 auousrus
1052 241 1053 244 ’
1165 252 1206 316 73

204 442 365 517 Nepotum
393 457 517 516 quoque
545 456 672 496 sucrum
706 454 834 495 munere
868 454 939 494 cum
974 441 1207 510 consternatum

205 546 313 604 ruinae
333 550 419 603 metu
438 543 591 620 populum
609 541 743 601 retinere
762 547 795 600 et
812 539 994 599 confirmare
1013 540 1206 600 nullomodo

205 655 320 728 posset,
343 648 470 708 transiit
494 666 511 706 e
536 647 603 706 loco
628 665 684 705 suo
711 651 807 722 atque
830 645 863 703 in
891 663 928 704 ea
951 650 1041 723 parte
1066 646 1206 705 consedit

204 775 284 833 quae
299 760 444 832 suspecta
458 753 593 812 maxime
607 756 682 811 erat.

145 869 182 917 44
245 859 415 937 Spectandi
437 858 693 917 confusissimum
706 876 742 917 ac
757 857 984 917 solutissimum
1005 876 1124 916 morem
1144 873 1231 919 cor-t

205 965 287 1025 rexit
314 964 542 1040 ordinavitque,
571 968 674 1022 motus
702 963 817 1022 iniuria
845 963 996 1022 senatoris
1026 964 1120 1039 quem
1147 963 1208 1022 Pu-

205 1071 296 1130 teolis
324 1089 381 1146 per
406 1068 622 1128 celeberrimos
647 1068 737 1127 ludos
763 1087 910 1127 consessu
934 1067 1094 1144 frequenti
1114 1085 1206 1127 nemo

205 1179 372 1253 receperat.
428 1175 525 1233 Facto
556 1173 653 1249 igitur
682 1173 807 1232 decreto
834 1177 961 1251 patrum
987 1177 1032 1248 ut,
1060 1172 1205 1249 quotiens

204 1280 280 1357 quid
309 1279 480 1356 spectaculi
506 1297 639 1355 usquam
664 1277 788 1355 publice
815 1278 968 1353 ederetur,
993 1278 1113 1356 primus
1138 1277 1207 1337 sub-

205 1384 365 1443 selliorum
387 1384 462 1442 ordo
483 1388 608 1443 vacaret
630 1383 835 1458 senatoribus,
853 1384 971 1442 Romae
992 1383 1112 1459 legatos
1133 1382 1245 1442 libe-10

205 1510 309 1550 rarum
331 1489 546 1565 sociarumque
568 1489 709 1564 gentium
730 1488 833 1548 vetuit
853 1474 886 1546 in
908 1488 1067 1548 orchestra
1088 1488 1205 1564 sedere,

205 1615 275 1653 cum
290 1595 442 1672 quosdam
456 1593 551 1652 etiam
569 1592 710 1652 libertini
728 1594 850 1670 generis
870 1592 956 1653 mitti
978 1593 1206 1670 deprendisset.

180 1700 341 1759 aMilitem
370 1699 503 1758 secrevit
530 1718 549 1758 a
576 1699 701 1777 populo.
745 1699 871 1759 Maritis
899 1717 915 1758 e
943 1698 1034 1777 plebe
1062 1699 1205 1777 proprios

204 1805 328 1864 ordines
349 1804 532 1880 assignavit,
547 1804 753 1881 praetextatis
776 1823 908 1863 cuneum
930 1822 1030 1879 suum,
1052 1809 1084 1864 et
1104 1804 1207 1882 'proxi-

204 1930 289 1969 mum
313 1910 511 1987 paedagogis,
537 1909 703 1987 sanxitque
728 1929 767 1969 ne
790 1909 861 1986 quis
886 1909 1079 1986 pullatorum
1102 1909 1244 1970 mediare

205 2035 298 2075 cavea
326 2016 456 2075 sederet.
512 2015 651 2074 Feminis
678 2034 717 2074 ne
746 2014 934 2091 gladiatores
962 2015 1099 2092 quidem,
1127 2034 1205 2092 quos

204 2119 379 2198 promiscue
401 2120 537 2198 spectari
559 2120 708 2179 sollemne
726 2119 802 2178 olim
817 2125 893 2195 erat,
910 2119 973 2179 nisi
990 2138 1028 2179 ex
1046 2119 1205 2198 superiore

180 2226 271 2284 eloco
306 2231 447 2302 spectare
483 2225 643 2284 concessit.
700 2224 781 2286 Solis
813 2224 988 2301 virginibus
1023 2224 1204 2286 Vestalibus

204 2331 307 2390 locum
329 2332 361 2389 in
382 2331 506 2390 theatro
527 2330 696 2407 separatim
714 2336 746 2390 et
763 2337 871 2391 contra
891 2331 1044 2408 praetoris
1066 2330 1209 2397 tribunal,
1276 2312 1282 2323 ’

205 2437 300 2496 dedit.
344 2436 545 2496 Athletarum
559 2455 633 2494 vero
648 2436 826 2513 spectaculo
843 2436 994 2497 muliebre
1011 2455 1099 2495 secus
1114 2449 1244 2495 omneao

204 2542 281 2601 adeo
303 2541 472 2599 summovit
493 2547 529 2600 ut
550 2540 782 2618 pontificalibus
807 2541 890 2599 ludis
912 2540 1055 2618 pugilum
1076 2559 1133 2618 par
1154 2559 1204 2618 po-

205 2647 356 2705 stulatum
379 2645 539 2705 distulerit
563 2646 596 2703 in
620 2646 814 2723 insequentis
836 2646 899 2704 diei
920 2646 1110 2706 matutinum
1130 2650 1208 2704 tem-

205 2771 263 2829 pus
292 2752 487 2829 edixeritque
516 2751 709 2810 mulieres
743 2757 834 2811 ante
862 2752 997 2811 horam
1027 2751 1205 2828 quintam

205 2856 341 2915 venire
363 2856 402 2915 in
423 2856 624 2915 theatrum
644 2875 720 2914 non
741 2856 907 2933 placere.

146 2975 181 3022 45
246 2963 320 3039 Ipse
342 2962 494 3020 circenses
516 2981 554 3020 ex
575 2962 746 3020 amicorum
767 2962 833 3021 fere
854 2959 1099 3041 libertorumque
1121 2975 1244 3023 cenare

206 3066 284 3125 culis
310 3067 480 3144 spectabat,
503 3066 662 3126 interdum
686 3086 725 3125 ex
747 3067 905 3144 pulvinari
930 3074 961 3126 et
985 3068 1113 3145 quidem
1136 3087 1206 3127 cum
1232 3067 1235 3073 '

207 3172 336 3247 coniuge
360 3191 396 3231 ac
419 3171 527 3230 liberis
552 3172 672 3230 sedens.
716 3173 900 3250 Spectaculo
924 3174 1076 3251 plurimas
1102 3173 1205 3248 horas,

205 3277 374 3354 aliquando
395 3281 478 3336 totos
499 3277 567 3336 dies
591 3277 708 3352 aberat,
731 3279 832 3356 petita
856 3279 948 3338 venia
965 3279 1210 3352 ¹commendatis-

205 3401 266 3458 que
288 3382 342 3459 qui
365 3401 452 3441 suam
476 3382 577 3441 vicem
602 3383 809 3460 praesidendo
833 3385 1046 3462 frmgerentur.
1088 3387 1207 3446 Verum

206 3488 351 3564 quotiens
379 3488 512 3561 adesset,
540 3488 621 3546 nihil
655 3495 817 3565 praeterea
850 3492 970 3566 agebat,
989 3510 1054 3567 seu
1068 3489 1071 3494 ’
1084 3489 1248 3552 vitandiso
1279 3472 1285 3485 ’

206 3593 339 3651 rumoris
368 3611 469 3667 causa,
493 3612 554 3670 quo
582 3599 704 3670 patrem
731 3594 896 3655 Caesarem
923 3596 1017 3672 vulgo
1044 3595 1208 3673 reprehen-

207 3716 276 3756 sum
304 3697 573 3772 commemorabat,
602 3699 685 3775 quod
715 3699 797 3759 inter
826 3701 1030 3778 spectandum
1061 3700 1207 3778 epistulis
