2812 4140
485 273 597 324 trane
621 272 642 324 1.
680 273 793 323 arvus
816 270 940 323 ruinis
1175 259 1216 323 13

210 446 304 506 cundi
331 446 512 507 consulatus
538 447 667 505 daretur
691 464 730 504 ne
759 463 795 505 ea
820 463 913 504 causa
937 443 1091 505 maturius
1116 449 1149 504 et
1173 443 1217 503 in-

185 553 351 631 aperfecto
375 552 478 611 adhuc
503 550 586 609 bello
614 551 788 609 decederet.
830 549 920 619 Quod
940 554 977 608 ut
1000 549 1134 626 adeptus
1157 555 1215 623 est,

208 657 322 718 altiora
347 657 411 716 iam
436 656 593 716 meditans
617 661 649 715 et
672 655 740 733 spei
761 654 873 732 plenus
894 654 1017 712 nullum
1038 654 1215 730 largitionis

208 769 264 824 aut
286 762 458 822 officiorum
482 762 515 819 in
537 779 727 837 quemquam
744 777 841 836 genus
859 758 984 836 publice
1003 758 1215 836 privatimque

209 869 324 929 omisit.
367 869 484 927 Forum
505 867 544 926 de
564 865 719 926 manubiis
739 863 909 938 incohavit,
924 863 1011 923 cuius
1030 883 1103 924 area
1122 877 1238 941 supero

209 973 391 1034 sestertium
415 972 519 1032 milies
543 971 696 1031 constitit.
738 972 855 1029 Munus
884 968 1001 1046 populo
1025 970 1214 1046 epulumque

208 1078 427 1157 pronuntiavit
446 1078 480 1137 in
497 1078 582 1138 filiae
605 1077 797 1152 memoriam,
817 1077 901 1154 quod
925 1081 999 1136 ante
1021 1095 1092 1135 eum
1114 1094 1213 1134 nemo.

208 1185 347 1253 Quorum
367 1189 517 1260 utquam
540 1183 677 1242 maxima
699 1182 877 1259 expectatio
900 1187 993 1256 esset,
1015 1200 1051 1240 ea
1073 1200 1152 1257 quae
1173 1181 1214 1240 ad

208 1290 337 1367 epulum
359 1290 564 1366 pertinerent,
583 1287 728 1364 quamvis
751 1287 926 1347 macellaris
947 1286 1099 1360 ablocata,
1119 1286 1214 1345 etiam

185 1376 646 1471 adomestieatimkapparabat.
690 1392 890 1452 Gladiatores
918 1397 1018 1465 notos,
1048 1391 1147 1451 sicubi
1172 1391 1216 1450 in-
1225 1401 1255 1446 10

209 1500 301 1559 festis
330 1498 562 1576 spectatoribus
590 1497 788 1571 dimicarent,
811 1497 844 1556 vi
869 1497 1035 1575 rapiendos
1059 1515 1216 1556 reservan-

208 1606 327 1682 dosque
356 1604 533 1663 mandabat.
577 1604 708 1662 Tirones
739 1622 841 1680 neque
871 1602 904 1661 in
932 1603 1007 1661 ludo
1036 1621 1137 1680 neque
1159 1621 1217 1680 per

209 1710 350 1784 lanistas,
380 1709 436 1768 sed
464 1709 498 1767 in
526 1708 671 1767 domibus
700 1727 757 1785 per
785 1708 906 1785 equites
939 1709 1096 1767 Romanos
1121 1713 1216 1785 atque

209 1814 304 1874 etiam
320 1833 376 1891 per
392 1820 551 1873 senatores
571 1832 730 1873 armorum
750 1814 868 1891 peritos
883 1812 1055 1887 erudiebat,
1070 1812 1215 1890 precibus

209 1920 341 1994 enitens,
364 1919 449 1995 quod
478 1919 624 1996 epistulis
649 1918 715 1977 eius
742 1918 927 1993 ostenditur,
951 1923 988 1977 ut
1015 1917 1216 1995 disciplinam
1226 1930 1254 1974 1⁶

209 2025 404 2100 singulorum
442 2023 640 2100 susciperent
677 2023 801 2100 ipsique
841 2023 960 2083 dictata
999 2022 1216 2083 exercentibus

101 2191 104 2195 ,
207 2131 328 2189 darent.
372 2129 562 2204 Legionibus
576 2128 770 2206 stipendium
784 2129 817 2187 in
832 2135 1021 2206 perpetuum
1031 2128 1214 2206 duplicavit.

208 2236 424 2307 Frumentum,
442 2233 588 2309 quotiens
607 2233 696 2310 copia
713 2240 805 2308 esset,
820 2234 916 2293 etiam
934 2234 1000 2293 sine
1022 2234 1113 2292 modo
1135 2252 1218 2292 men-

209 2358 342 2416 suraque
364 2338 510 2416 praebuit
525 2357 562 2398 ae
577 2338 702 2414 singula
719 2338 879 2397 interdum
899 2338 1055 2414 mancipia
1069 2357 1086 2397 e
1100 2338 1217 2415 praeda

209 2445 330 2503 viritim
345 2444 441 2503 dedit.
1225 2459 1255 2503 20
1296 2509 1297 2512 Ἴ

112 2554 113 2557 ’
149 2557 183 2607 27
250 2549 300 2608 Ad
323 2549 520 2608 retinendam
541 2555 647 2609 autem
669 2549 803 2627 Pompei
824 2549 1089 2608 necessitudinem
1109 2568 1146 2608 ac
1167 2567 1217 2607 vo

208 2655 364 2714 luntatem
380 2654 544 2714 Octaviam
560 2654 676 2713 sororis
693 2673 767 2713 suae
782 2660 918 2731 neptem,
934 2673 1013 2730 quae
1035 2653 1115 2712 Gaio
1136 2655 1217 2712 Mar-

209 2761 287 2820 cello
312 2765 412 2836 nupta
437 2764 514 2834 erat,
540 2760 755 2818 condicionem
777 2759 806 2818 ei
831 2759 947 2818 detulit
972 2758 1093 2834 sibique
1118 2758 1216 2818 filiam

208 2865 275 2925 eius
304 2865 338 2923 in
366 2864 602 2924 matrimonium
627 2865 710 2942 petit
738 2866 855 2924 Fausto
884 2864 988 2923 Sullae
1016 2863 1215 2924 destinatam.

209 2970 362 3031 Omnibus
377 2989 451 3029 vero
467 2969 549 3029 circa
564 2989 635 3029 eum
646 2976 741 3047 atque
752 2970 849 3044 etiam
864 2975 954 3046 parte
966 2988 1078 3045 magna
1089 2974 1216 3029 senatus
1225 2988 1255 3032 25

209 3076 347 3151 gratuito
368 3081 424 3135 aut
447 3075 510 3133 levi
534 3075 662 3134 faenore
691 3074 862 3149 obstrictis,
888 3094 926 3133 ex
949 3075 1069 3151 reliquo
1092 3093 1216 3151 quoque

209 3181 355 3239 ordinum
369 3199 482 3257 genere
494 3181 544 3240 vel
556 3180 708 3240 invitatos
720 3181 770 3238 vel
787 3186 899 3256 sponte
912 3180 953 3239 ad
968 3199 1001 3239 se
1013 3180 1216 3240 commeantis

209 3286 366 3345 uberrimo
389 3286 546 3362 congiario
569 3285 827 3363 prosequebatur,
852 3285 982 3344 libertos
1006 3285 1135 3362 insuper
1157 3303 1217 3345 ser-

210 3391 361 3467 uulosque
392 3391 542 3468 cuiusque
572 3395 666 3468 prout
690 3391 817 3450 domino
839 3397 1011 3469 patronave
1032 3396 1139 3467 gratus
1162 3391 1216 3467 qui

186 3501 300 3558 resset.
346 3497 428 3555 Tum
442 3515 566 3555 reorum
580 3501 636 3555 aut
651 3495 868 3556 obaeratorum
883 3501 938 3556 aut
953 3495 1102 3574 prodigae
1112 3495 1255 3557 iuven-³0

210 3601 289 3662 tutis
305 3601 480 3660 subsidium
495 3602 622 3660 unicum
637 3621 673 3661 ao
689 3602 961 3679 promptissimum
977 3607 1053 3676 erat,
1065 3601 1127 3660 nisi
1138 3620 1216 3678 quos

210 3707 335 3782 gravior
363 3706 529 3765 criminum
557 3707 608 3765 vel
642 3707 766 3784 inopiae
797 3707 979 3766 luxuriaeve
1007 3705 1055 3765 vis
1090 3712 1217 3789 urgeret
