2812 4140
436 262 548 313 ursan
571 263 608 314 11.
644 262 757 314 1³1st
779 251 970 314 AUGUSTUS
1164 250 1205 314 95

204 436 325 498 lumina
339 455 409 497 cum
423 435 486 497 iam
501 436 604 495 senior
618 454 657 495 ex
671 454 784 512 magna
798 441 888 514 parte
902 435 1040 511 legisset,
1052 435 1205 512 fatigatus

205 542 331 602 Tiberio
359 540 493 601 tradidit
520 540 727 618 perlegenda;
758 540 836 601 item
860 540 1133 600 Hortationes
1158 539 1205 599 ad

204 646 506 725 Philosophiam
517 651 550 705 et
559 645 726 723 aliquado
741 646 837 706 Vita
851 645 934 721 Sua,
946 664 1041 722 quam
1053 644 1204 704 tredecim

181 752 294 812 alibris
309 750 495 812 Cantabrico
509 757 601 811 tenus
615 750 698 810 bello
712 769 769 810 nec
783 751 868 811 ultra
881 751 1035 829 exposuit.
1077 750 1206 810 Poetiea

206 834 387 918 summatim
416 856 533 932 attigit.
590 856 682 916 Unus
709 855 789 915 liber
816 862 906 916 extat
932 856 1068 933 scriptus
1096 855 1137 915 ab
1169 868 1229 915 eoo

88 1005 91 1009 ⁴
205 962 395 1023 hexametris
414 961 567 1038 versibus,
582 961 670 1020 cuius
689 967 722 1021 et
741 967 961 1038 argumentum
978 967 1010 1021 et
1027 961 1140 1021 titulus
1157 967 1207 1020 est

207 1067 369 1142 Sicilia3
391 1066 679 1144 extatalteraeque
694 1067 833 1127 modicus
851 1067 1205 1144 Epigrammatum‚

206 1190 285 1251 quae
300 1171 367 1248 fere
378 1178 519 1250 tempore
529 1171 646 1232 balinei
657 1172 877 1232 meditabatur.
919 1172 1002 1231 Nam
1013 1171 1206 1247 tragoediam

207 1297 320 1354 magno
347 1278 469 1355 impetu
495 1295 635 1353 exorsus,
660 1296 724 1337 non
752 1277 932 1337 succedenti
947 1277 1043 1352 stilo,
1068 1275 1207 1336 abolevit

207 1383 490 1462 quaerentibusque
509 1382 619 1442 amicis
641 1383 793 1460 quidnam
814 1383 896 1442 Aiax
916 1386 1023 1458 ageret
1044 1380 1207 1459 respondit
1217 1397 1246 1442 10
1349 1373 1353 1380 ²

207 1489 371 1548 Aiacem
394 1507 505 1548 suum
528 1488 568 1546 in
590 1488 801 1566 spongiam
822 1487 1068 1547 incubuisse.

148 1602 185 1652 86
247 1594 354 1653 Genus
376 1592 543 1670 eloquendi
564 1598 690 1653 secutus
713 1597 762 1652 est
785 1592 910 1668 elegans
933 1597 966 1652 et
987 1597 1207 1669 temperatum,

207 1698 317 1758 vitatis
341 1698 569 1758 sententiarum
595 1697 727 1775 ineptiis
749 1703 845 1774 atque
870 1697 1081 1757 concinnitate
1103 1703 1135 1757 et
1157 1717 1173 1756 r
1176 1694 1209 1770 ‚es-

208 1803 465 1864 conditorum
486 1803 711 1877 verborum,
726 1808 763 1862 ut
783 1803 852 1880 ipse
873 1803 961 1878 dicit,
983 1803 1207 1884 fetoribus3

208 1909 470 1989 praecipuamque
493 1926 599 1968 curam
620 1907 713 1967 duxit
735 1927 862 1967 sensum
883 1908 981 1967 animi
1004 1927 1099 1984 quam
1122 1921 1247 1984 aper-15

210 2015 331 2075 tissime
352 2014 536 2092 exprimere.
578 2012 667 2083 Quod
689 2033 751 2090 quo
772 2013 898 2072 facilius
920 2013 1056 2073 efficeret
1079 2019 1135 2072 aut
1159 2032 1210 2072 ne·

209 2120 279 2180 cubi
296 2119 445 2179 lectorem
459 2119 509 2179 vel
523 2119 700 2179 auditorem
714 2118 897 2178 obturbaret
910 2137 947 2178 ac
962 2123 1144 2193 moraretur,
1159 2137 1210 2177 ne·

208 2245 268 2302 que
290 2224 539 2303 praepositiones
561 2223 692 2283 urbibus
714 2224 830 2284 addere
852 2242 953 2299 neque
975 2223 1208 2283 coniunctiones

209 2330 333 2408 saepius
354 2330 469 2390 iterare
482 2329 651 2404 dubitavit,
666 2347 746 2406 quae
761 2329 920 2389 detractae
937 2327 1074 2387 afferunt
1087 2328 1209 2404 aliquid

186 2435 409 2494 aobscuritatis
429 2435 490 2494 etsi
510 2434 645 2511 gratiam
663 2440 788 2510 augent.
831 2433 994 2494 Cacozelos
1016 2439 1048 2493 et
1067 2433 1248 2509 antiquato

210 2540 272 2599 rios
292 2545 329 2600 ut
349 2540 474 2600 diverso
493 2559 606 2616 genere
624 2539 755 2599 vitiosos
778 2540 847 2617 pari
868 2539 999 2599 fastidio
1019 2538 1141 2616 sprevit
1161 2556 1211 2597 ex-

209 2645 410 2722 agitabatque
424 2664 677 2722 nonnumquam
698 2645 732 2703 in
749 2645 860 2722 primis
879 2646 1095 2704 Maecenatem
1109 2662 1209 2719 suum,

210 2751 298 2811 cuius
322 2748 619 2829 myrobrechis,
642 2755 680 2809 ut
703 2750 758 2824 ait,
781 2749 994 2809 cincinnos
1017 2768 1116 2826 usque
1138 2768 1211 2825 qua-

210 2875 270 2931 que
283 2855 483 2935 persequitur
497 2860 530 2914 et
544 2855 697 2914 imitando
716 2874 773 2932 per
790 2854 892 2914 iocum
908 2854 1028 2914 irridet.
1072 2855 1133 2914 Sed
1153 2872 1211 2913 nec

211 2962 335 3022 Tiberio
354 2938 456 3040 parcit
476 2966 509 3021 ct
529 2961 668 3021 exoletas
689 2960 849 3020 interdum
869 2964 901 3020 et
922 2960 1098 3020 reconditas
1119 2971 1250 3019 vocesac

210 3067 388 3145 aucupanti.
430 3069 474 3127 M.
500 3066 628 3144 quidem
649 3066 824 3126 Antonium
844 3071 882 3125 ut
903 3065 1048 3149 insanum
1070 3066 1212 3142 increpat
1283 3052 1288 3059 ⁸

211 3172 301 3249 quasi
315 3191 352 3232 ea
366 3173 553 3232 scribentem
569 3191 648 3249 quae
663 3173 816 3232 mirentur
834 3172 940 3249 potius
958 3152 1099 3229 hoinines
1117 3189 1212 3246 quam

211 3276 415 3354 intellegant3
436 3278 549 3337 deinde
574 3278 685 3337 ludens
711 3277 829 3337 malum
849 3283 882 3336 et
902 3277 1083 3336 inconstans
1105 3275 1138 3334 in
1160 3275 1212 3334 eli-

187 3383 312 3459 agendo
335 3402 446 3459 genere
470 3383 595 3443 dicendi
620 3383 780 3458 ingenium
804 3382 881 3456 eius,
905 3381 996 3441 addit
1019 3382 1112 3442 haec:
1146 3381 1213 3440 Tu·

211 3506 285 3565 que
313 3488 479 3548 dubitas
505 3488 717 3548 Cimberne
745 3487 904 3546 Annius
932 3506 980 3546 an
1008 3485 1251 3547 Veranius³0

211 3592 382 3652 Flaccus
417 3593 610 3653 imitandi
645 3593 730 3653 sint
769 3591 858 3667 tibi,
894 3591 954 3652 ita
990 3597 1034 3651 ut
1073 3591 1211 3652 verbis

212 3715 311 3774 quae
339 3697 508 3776 Crispus
541 3680 771 3783 Sallustiqs
806 3685 1019 3774 excerpsit
1053 3715 1098 3756 ex
1134 3695 1214 3758 Ori·
