2812 4140
213 264 256 328 40
298 276 327 327 c.
354 276 510 329 suuronr
533 275 760 338 rnarounm
783 277 832 326 nn
855 275 945 325 vrrs
969 275 1172 327 cassiana

182 434 206 585 p
254 447 339 518 Quae
354 467 447 509 causa
461 448 631 508 coniuratis
646 447 825 507 maturandi
836 447 900 506 fuit
913 447 1072 508 destinata
1082 446 1217 524 negotia,
1241 455 1277 506 80

213 571 253 612 ne
267 553 415 613 assentiri
429 572 556 613 necesse
570 558 671 612 esset.-

255 658 395 718 Consilia
416 658 514 734 igitur
535 658 704 736 dispersim
727 664 820 718 antea
840 657 949 718 habita
969 663 1002 717 et
1023 677 1102 735 quae
1124 677 1217 736 saepe

213 763 281 823 bini
306 763 428 823 ternive
455 768 603 841 ceperant
630 763 664 823 in
691 783 786 822 unum
815 782 922 823 omnes
948 763 1157 839 contulerunt,
1178 782 1217 823 ne

189 868 332 947 opopulo
352 869 481 946 quidem
502 869 565 930 iarn
586 869 746 948 praesenti
767 874 853 929 statu
873 869 966 944 laeto,
989 870 1044 928 sed
1065 870 1146 929 clam
1167 888 1219 947 pa

213 974 340 1051 lamque
360 974 556 1035 detrectante
575 975 822 1035 dominationem
835 980 930 1052 atque
947 980 1119 1034 assertores
1133 974 1219 1051 flagi-

213 1085 310 1139 tante.
352 1080 532 1156 Peregrinis
547 1080 581 1138 in
595 1087 739 1140 senatum
757 1079 880 1140 allectis
895 1079 1021 1139 libellus
1036 1080 1241 1158 propositusa

213 1190 278 1244 est:
315 1185 465 1243 Bonum
496 1185 667 1244 facturn:
702 1205 747 1244 ne
776 1185 867 1262 quis
896 1185 1081 1244 senatori
1114 1203 1217 1243 novo

214 1288 355 1349 curiam
376 1294 587 1349 monstrare
604 1290 719 1350 velit!
761 1291 804 1349 Et
819 1289 875 1349 illa
894 1291 990 1367 vulgo
1007 1289 1215 1350 canebantur:

175 1459 205 1505 10
254 1445 397 1505 Gallos
419 1445 567 1505 Caesar
588 1445 628 1504 in
647 1446 897 1524 triumphum
919 1444 1217 1521 ducit‚idemin

856 1552 1024 1611 curiam:

254 1653 368 1714 Galli
401 1654 544 1714 bracas
579 1656 868 1732 deposuerunt,
896 1657 1023 1715 latum
1060 1656 1216 1716 clavum

854 1766 1124 1838 sumpserunt.

211 1919 329 1991 Quinto
349 1920 490 1980 Maximo
510 1921 641 1980 suffecto
661 1921 898 1998 trimenstrique
915 1922 1042 1981 consule
1057 1922 1216 1982 theatrum

174 2025 401 2100 lointrocunte,
417 2044 488 2085 cum
509 2025 602 2084 lictor
621 2026 831 2086 animadverti
845 2045 883 2086 ex
902 2046 987 2085 more
1008 2027 1161 2102 iussisset,
1176 2027 1216 2086 ab

212 2130 368 2189 universis
384 2129 612 2190 conclamatum
627 2138 752 2190 estnon
767 2150 834 2191 esse
849 2151 920 2190 eum
936 2132 1102 2191 consulem.
1138 2133 1240 2191 Posts

212 2241 348 2295 remotos
373 2235 552 2296 Caesetium
573 2242 606 2297 et
626 2236 799 2296 Marullum
823 2237 966 2297 tribunos
992 2243 1118 2315 reperta
1142 2242 1216 2297 sunt

211 2339 364 2418 proximis
387 2341 522 2400 comitiis
545 2341 706 2419 complura
727 2342 877 2418 suffragia
892 2342 1034 2402 consules
1050 2361 1102 2402 eos
1117 2342 1217 2402 decla

211 2447 358 2507 rantium.
398 2448 615 2526 subscripsere
627 2448 756 2525 quidam
767 2448 845 2507 Luci
861 2448 954 2508 Bruti
969 2454 1109 2508 statuae:
1132 2449 1163 2508 U
1173 2448 1216 2507 ti-

174 2567 299 2613 aonam
312 2552 493 2612 viveres!
515 2552 591 2612 item
606 2553 707 2631 ipsius
722 2553 882 2613 Caesaris:

253 2708 527 2786 Brutus‚quia
546 2728 662 2785 reges
684 2708 815 2784 eiecit,
831 2710 962 2769 consul
985 2710 1126 2788 primus
1142 2710 1216 2769 fac·

303 2880 306 2888 ,
835 2819 993 2874 tusest:

251 2919 326 2995 hic,
347 2919 442 2996 quia
467 2920 659 2978 consules
685 2919 821 2994 eiecit,
843 2939 907 2978 rex
932 2926 1122 2997 postremo
1146 2919 1217 2978 fac

833 3030 990 3084 tusest.
1043 3063 1046 3068 -

174 3199 203 3244 25
213 3186 435 3264 Conspiratum
450 3191 499 3245 est
513 3185 546 3244 in
557 3205 628 3244 eum
642 3204 661 3244 a
676 3185 840 3261 sexaginta
854 3187 1000 3264 amplius,
1012 3186 1091 3246 Gaio
1106 3186 1239 3248 Cassios

211 3293 382 3367 Marcoque
403 3294 436 3350 ct
457 3289 587 3351 Decimo
611 3291 711 3350 Bruto
739 3291 935 3368 principibus
964 3291 1213 3368 conspirationis.

211 3396 272 3467 Qui
286 3396 425 3475 primum
447 3395 585 3455 cunctati
606 3402 753 3455 utrumne
768 3396 802 3455 in
816 3396 935 3474 Campo
952 3416 1007 3473 per
1022 3397 1148 3456 comitia
1162 3397 1216 3457 tri-

211 3501 269 3562 bus
284 3502 324 3562 ad
340 3501 490 3578 suffragia
504 3507 668 3562 vocantem
689 3503 833 3580 partibus
852 3503 963 3563 divisis
978 3523 994 3562 e
1009 3508 1104 3580 ponte
1119 3503 1216 3562 deice-

147 3638 151 3643 ·
212 3612 283 3667 rent
303 3613 399 3686 atque
420 3613 587 3695 exceptum
609 3609 804 3669 trucidarent
822 3627 863 3668 an
883 3609 916 3667 in
936 3609 1029 3668 Sacra
1046 3609 1098 3668 via
1115 3610 1165 3668 vel
1182 3609 1215 3667 in

170 3726 200 3754 ω
212 3712 302 3773 editu
316 3714 434 3775 theatri
447 3713 656 3797 adorirentur,
671 3720 838 3792 postquam
861 3720 987 3775 senatus
1010 3714 1120 3775 Idibus
1134 3716 1216 3775 Mar-
